3576 5650
813 591 861 664 5³

258 779 405 873 vand0‚
427 781 464 854 in
482 795 565 856 tota
578 781 656 856 vita
671 781 722 856 ad
736 779 969 856 voluntatem
984 782 1141 856 deorum
1156 781 1351 879 dirigenda
1366 782 1404 878 1).

261 903 333 976 Pio
357 902 455 977 cultu
480 904 637 977 deorum
652 901 783 1003 religio
798 903 1080 998 continebatur3
1097 904 1145 977 dii
1160 903 1407 1001 hominesque

259 1025 352 1098 iuris
385 1025 532 1099 vinculo
569 1025 664 1099 inter
699 1051 740 1100 se
777 1026 890 1100 iuncti
928 1027 1086 1124 erant2).
1127 1025 1249 1100 Certis
1282 1025 1407 1100 verbis

261 1147 505 1246 formulisque
547 1149 727 1222 utendum
768 1164 850 1223 erat
891 1149 928 1222 in
972 1148 1029 1221 dis
1069 1147 1264 1236 adeundis,
1307 1173 1406 1245 quae

264 1270 392 1345 omnia
416 1286 456 1343 ut
485 1271 599 1344 modo
628 1271 775 1369 rituque
798 1270 942 1362 fierent,
967 1270 1162 1368 pontifices
1190 1266 1407 1342 consulendi

263 1409 383 1486 erant,
422 1419 581 1491 quorum
615 1394 800 1491 princepS,
838 1393 1008 1491 pontifex
1044 1393 1240 1485 maximus,
1270 1392 1408 1467 arbiter

262 1515 476 1590 habebatur
502 1539 624 1588 rerum
652 1515 901 1618 humanarum
931 1515 1226 1613 divinarumque.

321 1636 498 1736 Religiosi
538 1638 700 1711 Romani
732 1638 922 1711 debebant
958 1663 1042 1712 esse
1076 1638 1112 1711 in
1141 1637 1332 1736 precando
1359 1636 1405 1713 cs.

265 1761 342 1834 Ov.
372 1761 473 1834 Fast.
507 1785 539 1834 2.
572 1765 669 1854 623:
704 1760 878 1850 „Innocui
906 1759 1138 1860 veniant''⁸).

321 1883 477 1980 Semper
514 1908 629 1980 quam
668 1883 880 1958 cautissime
919 1909 994 1980 pax
1031 1883 1217 1982 veniaque
1252 1883 1408 1958 deorum

260 2005 453 2081 servanda
482 2020 574 2080 erat.

319 2127 358 2201 Si
387 2127 469 2226 quis
497 2127 554 2200 dis
580 2140 751 2218 voverat,
781 2127 824 2201 iis
851 2125 1041 2226 obligatus
1069 2141 1160 2202 erat.

320 2250 366 2324 cf.
406 2250 482 2325 Cic.
522 2249 570 2323 de
606 2248 681 2348 leg.
715 2274 748 2323 2.
778 2274 848 2343 41:
883 2249 995 2339 „Voti
1022 2251 1188 2349 sponsio,
1217 2274 1292 2348 qua
1321 2247 1410 2324 obli·

272 2351 431 2470 „gamur
460 2370 559 2446 deo''
575 2372 614 2469 4).

320 2493 408 2568 Voti
449 2519 535 2568 reus
576 2491 725 2568 vinculo
763 2493 1037 2590 impediebatur
1073 2492 1281 2593 religioque
1316 2507 1408 2585 erat,

264 2617 395 2714 quoad
422 2631 554 2690 votum
583 2641 660 2689 non
688 2614 866 2690 solverat.

321 2738 381 2812 Sic
435 2737 668 2832 Marcellum,
723 2754 763 2813 ut
820 2739 947 2814 Livius
998 2753 1125 2813 narrat
1168 2741 1245 2837 (27.
1311 2763 1329 2812 2
1337 2738 1408 2834 5.):

269 2858 389 2950 „aliae
416 2861 587 2935 obiectae
615 2859 741 2936 animo
764 2860 964 2960 religiones
987 2862 1178 2949 tenebant,
1209 2859 1247 2933 in
1277 2859 1411 2957 quibus

240 2961 409 3081 '„quod,
461 3009 547 3057 eum
587 2981 689 3057 beno
733 2981 879 3058 carneo
921 2983 970 3058 aa
1014 2982 1234 3057 crastiuum
1276 2981 1410 3056 aedem

239 3139 245 3146 ·
270 3105 443 3196 „Honori
481 3120 521 3179 et
548 3104 683 3181 Virtuti
712 3106 890 3200 vovisset,
919 3104 1107 3180 dedicatio
1135 3105 1213 3180 eius
1241 3131 1265 3179 a
1293 3103 1411 3201 ponti·
1486 3203 1490 3212 ,

270 3229 425 3320 „ficibus
453 3228 766 3325 impediebatur.'’

241 3331 245 3336 ⁷
334 3351 416 3426 Vim
441 3349 592 3448 quidem
616 3351 865 3426 conscientiae
879 3351 952 3427 hoc
967 3348 1051 3426 loco
1065 3349 1257 3442 sentimus,
1273 3373 1407 3423 vocem

274 3642 464 3654 .—

308 3840 335 3906 1)
358 3840 390 3892 cf.
416 3838 507 3890 Fustel
530 3839 564 3889 de
589 3839 747 3905 Coulangu,
772 3840 811 3889 La
836 3839 886 3890 cite
912 3829 1030 3906 antique,
1055 3856 1082 3905 p.
1104 3849 1169 3906 105:
1190 3838 1339 3906 „l'Homme
1358 3839 1413 3890 voit

269 3934 347 3996 „tout
364 3926 424 3993 pres
444 3926 476 3976 de
495 3925 533 3976 lui
551 3926 577 3976 la
595 3925 720 3994 divinit63
740 3925 792 3976 elle
810 3933 850 3976 est
870 3927 976 3991 present
994 3942 1094 3977 comme
1112 3926 1139 3977 la
1158 3927 1312 3977 conscience
1330 3928 1414 3978 meme

257 4017 304 4082 ·,‚b
324 4029 364 4064 ses
382 4013 514 4063 moindres
532 4011 659 4064 actions”.

308 4100 336 4167 2)
353 4100 386 4150 cs.
407 4101 459 4151 Cic.
481 4101 548 4149 Part.
568 4113 617 4150 22:
638 4099 759 4165 „Religio
779 4100 939 4162 estiustitia
957 4116 1018 4166 erga
1037 4099 1129 4150 deos”.

306 4187 335 4254 3)
353 4186 386 4236 cf.
406 4187 460 4236 Cic.
480 4185 512 4236 de
531 4186 582 4251 leg.
602 4200 627 4236 2.
650 4199 696 4250 19:
721 4186 780 4251 „Ad
798 4187 873 4237 divos
892 4187 1007 4236 adeunto
1026 4193 1096 4236 caste
1115 4186 1239 4253 pietatem
1249 4185 1410 4237 adhibento”

268 4273 368 4340 quibus
395 4273 483 4322 verbis
514 4272 606 4322 Cicero
637 4278 745 4323 annotat
775 4289 798 4323 c.
829 4286 877 4335 24:
905 4273 998 4338 „Caste
1022 4273 1094 4323 iubet
1119 4274 1161 4323 lex
1186 4274 1257 4323 adire
1281 4273 1315 4323 ad
1342 4274 1415 4340 deos,

276 4360 382 4426 „animo
401 4359 532 4425 videlicet,
551 4360 579 4408 in
598 4375 651 4424 quo
670 4367 731 4410 sunt
749 4358 863 4410 omnia”.

307 4444 337 4512 4)
361 4446 393 4497 cf.
417 4446 535 4513 Pernice,
561 4447 736 4512 Sitzungsber.
755 4447 801 4496 der
822 4447 888 4512 phil.
907 4446 970 4497 hist.
990 4447 1073 4497 Class.
1092 4447 1138 4496 der
1157 4447 1227 4496 K'o'n.
1248 4448 1346 4497 Preuss.
1367 4448 1415 4498 Ac.
1514 4455 1516 4460 '

272 4531 351 4598 1885,
376 4549 403 4598 p.
431 4532 479 4582 68:
508 4533 575 4596 „Die
603 4533 734 4598 Wirkuug
759 4533 805 4582 des
833 4535 943 4583 Votums
961 4533 995 4584 ist
1015 4535 1073 4583 eine
1091 4533 1229 4598 obligatio,
1248 4533 1307 4582 eine
1325 4533 1417 4583 sacral·

271 4619 457 4688 „richterliche
475 4619 714 4688 Verbiudlichkeit,
732 4620 787 4670 eine
806 4620 922 4689 religiose
940 4621 999 4670 und
1017 4617 1277 4690 Gcwissenspflicltt”.
