3576 5650
754 602 800 669 29

196 815 269 885 pro
300 787 378 863 Mil.
411 794 472 884 83.

309 913 350 985 ln
379 913 486 1010 gravi
513 912 662 986 fortuna
689 912 916 986 conscientia
945 938 1013 986 sua
1043 913 1231 986 niteretur.

196 1034 250 1108 de
278 1033 352 1132 leg.
390 1061 420 1108 1.
451 1059 513 1128 40.

309 1157 441 1253 Itaque
466 1181 609 1254 poenas
632 1156 749 1248 luunt,
775 1183 850 1231 non
875 1174 953 1231 tam
979 1156 1131 1250 iudiciis,
1160 1183 1275 1254 quam
1300 1172 1340 1229 ut

308 1305 374 1352 eos
408 1281 553 1377 agitent
587 1280 890 1377 insectenturque
926 1280 1043 1354 furiae
1076 1306 1150 1354 non
1180 1279 1340 1353 ardenti-

307 1403 376 1475 bus
413 1403 544 1492 taedis,
582 1403 676 1476 sicut
712 1404 747 1476 in
786 1402 931 1494 fabulis,
969 1404 1036 1478 sed
1072 1428 1216 1501 angore
1254 1428 1340 1476 con-

306 1525 482 1598 scientiae
510 1525 725 1623 fraudisque
752 1526 926 1600 cruciatu.

194 1644 248 1718 de
276 1644 349 1743 leg.
384 1672 416 1720 2.
448 1673 509 1742 43.

308 1767 488 1843 Ardentis
526 1787 604 1844 tum
638 1770 851 1868 cupiditate,
880 1786 959 1844 tum
996 1786 1109 1863 metu,
1146 1786 1224 1843 tum
1254 1795 1339 1842 con-

305 1892 469 1966 scientia.

194 2012 247 2086 de
276 2012 337 2087 fin.
371 2039 405 2104 2,
438 2020 497 2089 28.

306 2135 346 2209 In
369 2139 515 2235 magnis
538 2138 723 2212 interdum
746 2154 918 2213 versatur
940 2139 1134 2236 angustiis,
1159 2152 1199 2210 ut
1223 2138 1339 2211 homi·

306 2285 394 2332 num
432 2261 658 2335 conscientia
696 2278 854 2352 remota,
893 2260 979 2335 nihil
1017 2278 1095 2336 tam
1134 2277 1241 2358 turpe
1279 2261 1337 2350 sit,

307 2383 409 2479 quod
431 2409 505 2457 non
527 2385 699 2459 videatur
713 2411 796 2459 esse
811 2386 975 2459 tacturus
989 2383 1194 2482 voluptatis
1209 2408 1334 2457 causa.

195 2504 247 2577 de
276 2502 337 2577 fin.
372 2530 404 2578 2.
438 2526 498 2601 71.

104 2619 107 2624 ’
306 2628 362 2701 lta
383 2654 451 2725 pro
475 2655 565 2703 vera
585 2646 763 2727 certaque
786 2630 922 2705 iustitia
936 2627 1212 2703 simulationem
1228 2629 1335 2702 nobis

305 2751 464 2826 iustitiae
492 2753 635 2826 traditis
663 2754 950 2852 praecipitisque
975 2752 1271 2850 quodammodo,
1298 2769 1338 2825 ut

305 2889 472 2948 nostram
514 2874 686 2949 stabilem
731 2877 996 2951 conscientiam
1038 2892 1336 2966 contemnamus,

305 2995 461 3071 aliorum
490 3014 677 3073 errantem
706 3000 923 3098 opinionem
953 3025 1193 3096 aucupemur.

195 3119 309 3194 Tusc.
340 3122 434 3218 disp.
469 3146 501 3194 2.
535 3127 596 3215 64.

307 3242 459 3317 Nullum
494 3244 682 3318 theatrum
712 3244 835 3319 virtuti
864 3246 1090 3319 conscientia
1120 3244 1238 3320 maius
1267 3260 1335 3318 est.

195 3365 309 3440 Tusc.
340 3366 433 3464 disp.
465 3392 500 3460 4.
532 3390 594 3461 45.

306 3490 510 3587 impunitas
547 3491 645 3563 enim
673 3468 928 3587 ¹peccatorum
970 3491 1060 3564 data
1101 3491 1247 3564 videtur
1283 3491 1337 3579 iis,

306 3612 368 3709 qui
397 3613 638 3711 ignominiam
663 3628 701 3685 et
724 3613 914 3687 infamiam
938 3614 1061 3686 ferunt
1083 3613 1163 3687 sine
1187 3611 1338 3705 dolore3

306 3736 466 3808 morderi
508 3752 566 3809 est
608 3733 738 3808 melius
781 3735 1019 3809 conscientia.
1063 3735 1121 3807 Ex
1163 3761 1239 3832 quo
1282 3751 1339 3808 est

304 3855 393 3931 illud
434 3883 455 3931 e
498 3858 575 3931 vita
612 3858 764 3932 ductum
804 3859 853 3932 ab
891 3859 1069 3952 Afrani03
1107 3881 1194 3931 nam
1223 3881 1337 3954 quum

307 3979 505 4054 dissolutus
534 3979 649 4054 lilius:
680 3981 752 4054 heu
778 4007 838 4054 me
863 3981 1056 4054 miserum!
1083 3997 1161 4053 tum
1185 4004 1339 4054 severus

304 4119 430 4201 pater:
457 4102 663 4182 dummodo
688 4102 815 4177 doleat
836 4101 986 4200 aliquid,
1004 4101 1131 4177 doleat
1146 4101 1337 4200 quidlibet.

199 4227 246 4299 de
275 4227 361 4301 Nat.
394 4226 509 4300 Deor.
544 4251 577 4320 3.
611 4229 671 4319 85.

306 4349 427 4422 Invita
451 4349 486 4421 in
512 4345 689 4422 hocloco
713 4365 884 4423 versatur
908 4349 1046 4442 oratio3
1071 4348 1219 4422 videtur
1240 4347 1337 4420 enim

304 4471 564 4544 auctoritatem
594 4470 727 4544 afferre
754 4473 916 4569 peccati3
946 4486 985 4544 et
1013 4486 1113 4544 recte
1136 4470 1337 4558 videretur,

306 4593 372 4666 nisi
398 4608 435 4667 et
458 4593 604 4666 virtutis
627 4610 665 4666 et
679 4593 851 4667 vitiorum
867 4595 947 4667 sine
961 4592 1036 4668 ulla
1052 4593 1177 4667 divina
1192 4593 1338 4665 ratione
