3528 5644
988 565 1062 636 104

455 759 619 851 „Leben‚
648 758 685 831 in
714 756 928 831 Gedanken
956 755 1033 854 lag.
1063 756 1200 830 Dieser
1226 755 1596 857 Entgegenstellung

453 906 602 979 „gegen
644 880 704 954 die
745 879 849 953 fama
890 878 1097 977 vergleicht
1138 879 1217 952 sich
1255 880 1353 953 doch
1389 879 1594 954 durchaus:

453 1029 562 1097 „mea
611 1002 699 1076 mihi
749 1003 975 1076 conscientia
1016 1001 1131 1100 pluris
1172 1017 1230 1076 est
1272 1028 1386 1100 quam
1428 1003 1595 1076 omnium

454 1151 599 1220 „sermo
647 1126 742 1222 (Att.
802 1149 860 1198 12.
915 1126 993 1222 28.)
1043 1124 1120 1198 und
1171 1125 1241 1198 das
1293 1125 1341 1199 ist
1391 1124 1488 1199 eben
1534 1125 1595 1200 die

453 1245 668 1346 „praeclara
691 1246 918 1322 conscientia
938 1247 1005 1320 des
1019 1245 1337 1321 wohlverdienten
1353 1247 1430 1321 und
1444 1273 1595 1322 voraus·

454 1370 658 1468 „sichtigen
696 1368 992 1468 Staatsbiirgere
1031 1367 1083 1444 So
1120 1370 1297 1460 schwebt‚
1336 1368 1407 1442 will
1435 1394 1505 1443 uns
1531 1369 1595 1444 be-

454 1491 642 1583 „diinken,
670 1507 773 1566 recta
801 1492 1027 1565 conscientia
1055 1492 1235 1566 zwischen
1264 1508 1366 1566 recta
1393 1492 1489 1566 ratio
1517 1493 1594 1566 und

458 1615 708 1703 „conscientia
723 1629 848 1688 rectae
862 1613 1067 1689 voluntatis
1082 1614 1184 1712 (fam.
1203 1621 1238 1689 6.
1255 1612 1307 1711 4'.)
1321 1615 1357 1686 in
1369 1614 1435 1687 der
1445 1613 1592 1688 Mitte.''

505 1735 661 1810 K'zihleri
701 1753 829 1811 autem
871 1737 1079 1810 sententiae
1121 1762 1196 1809 non
1238 1736 1430 1834 astipulor.
1477 1737 1594 1835 Apud

451 1858 671 1932 Ciceronem
721 1859 820 1932 enim
862 1859 998 1954 (Acad.
1043 1860 1201 1953 Quaest.
1244 1884 1280 1952 4.
1327 1863 1391 1956 58)
1433 1857 1591 1957 legitur:

457 1980 619 2067 „Habeo
656 1981 756 2054 enim
791 1982 979 2078 regulam,
1008 1997 1051 2054 ut
1077 1979 1167 2054 talia
1194 1980 1276 2054 visa
1303 2006 1395 2054 vera
1422 1979 1592 2073 iudicem,

457 2102 603 2200 „qualia
636 2101 731 2176 falsa
767 2127 850 2176 esse
889 2128 964 2175 non
999 2118 1165 2199 possunt.
1206 2102 1271 2176 Ab
1298 2103 1367 2176 hee
1393 2103 1496 2176 milei
1520 2130 1593 2178 non

457 2225 564 2318 „licet
599 2233 871 2316 transversum,
910 2226 1103 2316 etaient,
1131 2226 1295 2323 digitum
1322 2225 1517 2319 discedere,
1546 2252 1595 2300 ne

456 2346 705 2440 „confundam
734 2346 898 2422 omnia.’'

508 2469 616 2542 Haec
656 2469 787 2557 verba,
829 2469 860 2542 si
901 2469 1125 2543 conferimus
1167 2495 1251 2543 cum
1279 2469 1374 2558 loeo,
1404 2471 1520 2545 modo
1547 2498 1595 2546 ex

451 2589 629 2689 Epistulis
652 2589 818 2681 laudato,
844 2590 907 2666 ubi
931 2590 1063 2665 Cicero
1088 2591 1195 2667 dicit:
1227 2593 1284 2686 „in
1309 2594 1410 2665 omni
1434 2595 1511 2668 vita
1526 2621 1594 2672 sua

458 2738 668 2810 „quemque
711 2738 735 2786 a
774 2729 878 2787 recta
920 2713 1144 2788 conscientia
1183 2730 1390 2788 traversum
1427 2742 1594 2814 unguem

457 2860 553 2928 „non
582 2851 732 2933 oportet
756 2835 973 2910 discedere”
998 2862 1073 2909 non
1097 2853 1155 2910 est
1179 2837 1332 2911 dubium
1353 2839 1442 2937 quin
1473 2856 1595 2933 „recta

451 2957 700 3032 conscientia'’
740 2958 838 3032 idem
876 2959 1060 3058 significet
1094 2976 1208 3057 atque
1249 2958 1441 3058 „regule”
1475 2962 1594 3037 Recta

450 3081 676 3154 conscientia
703 3079 834 3178 regula
862 3082 962 3156 vitae
991 3098 1048 3156 est
1080 3107 1200 3180 „quae
1229 3084 1335 3180 quasi
1364 3082 1521 3182 delapsa
1546 3086 1596 3160 de

458 3202 586 3297 „coelo
609 3219 666 3277 est
688 3204 738 3277 ad
762 3204 1014 3302 cognitionem
1039 3205 1217 3297 omnium,
1239 3204 1381 3303 regula,
1406 3207 1455 3280 ad
1481 3234 1594 3306 quam

458 3325 606 3419 „omnia
641 3325 775 3399 iudicia
810 3352 933 3400 rerum
968 3327 1200 3425 dirigentur'‘
1240 3327 1303 3425 (de
1336 3328 1399 3402 fin.
1444 3354 1475 3404 1.
1516 3333 1593 3428 63).

454 3445 661 3520 Kthlerum
682 3446 806 3522 locum
830 3474 876 3522 ex
900 3449 1022 3523 Acad.
1049 3450 1206 3543 Quaest.
1231 3449 1424 3524 laudatum
1445 3453 1594 3528 novisse

451 3567 650 3643 verisimile
677 3595 753 3642 non
781 3570 939 3644 videtur.

504 3693 704 3766 Praeterea
732 3691 793 3767 alii
822 3719 975 3790 quoque
1002 3692 1073 3767 loci
1101 3693 1202 3767 idem
1231 3694 1379 3769 docent.

505 3815 622 3912 Apud
664 3813 868 3912 Apuleium
898 3816 960 3913 (de
992 3817 1078 3890 Deo
1111 3816 1216 3891 Socr.
1251 3845 1283 3898 c.
1322 3819 1382 3914 16)
1413 3816 1593 3916 legimus:

457 3937 629 4027 „Deinde
677 3962 747 4011 vos
792 3963 935 4029 omnes,
978 3938 1042 4035 qui
1084 3938 1181 4012 hane
1223 3938 1389 4013 Platonis
1430 3940 1596 4016 divinam

453 4058 702 4153 „sententiam
744 4084 805 4132 me
846 4059 1047 4158 interprete
1089 4059 1315 4152 auscultatis,
1357 4059 1409 4134 ita
1449 4063 1596 4138 animos

454 4198 623 4273 „vestros
651 4181 700 4254 ad
728 4206 990 4279 quaecumque
1017 4184 1168 4280 agenda
1195 4183 1257 4258 vel
1286 4183 1502 4260 meditanda
1525 4187 1596 4261 ior·

453 4319 593 4396 „mate
631 4320 673 4377 ut
703 4304 838 4396 sciatiS‚
869 4305 958 4401 quin
987 4305 1113 4379 omnia
1141 4305 1285 4380 curiose
1313 4305 1374 4380 ille
1403 4307 1595 4408 (daemon)

454 4425 686 4524 „participet
725 4427 850 4501 omnia
886 4427 1021 4520 visitet,
1051 4429 1178 4502 omnia
1205 4428 1412 4528 intellegat,
1440 4429 1477 4503 in
1506 4429 1595 4528 ipsis

455 4548 666 4642 „mentibus
692 4548 775 4623 vice
803 4549 1052 4636 conscientiae
1080 4551 1337 4627 deversetur.'’
