3528 5644
1010 595 1056 687 78

463 806 563 879 iusce
591 804 861 902 disputationis,
888 829 1011 902 neque
1035 792 1286 878 necessarium
1311 803 1463 902 putavi,
1486 830 1610 903 pauca

462 925 737 1014 tantummodo,
775 924 992 1023 priusquam
1031 926 1080 999 de
1116 927 1197 1024 ipsa
1217 901 1485 1000 ⁸conscientiae
1512 952 1610 1000 voce

464 1028 508 1122 ac
545 1049 698 1125 notione
736 1073 850 1146 agam
887 1047 936 1121 de
973 1046 1051 1122 vita
1079 1049 1320 1144 moribusque
1350 1045 1610 1122 Romanorum

463 1171 659 1248 disseram.

517 1292 779 1368 Conscientiae
813 1292 1060 1390 „congenitae
1089 1306 1127 1366 et
1155 1291 1414 1392 ingenitae'’1)
1443 1293 1609 1366 officium

464 1433 533 1505 est,
561 1432 697 1491 testem
726 1441 809 1489 esse
838 1431 952 1511 atque
982 1415 1214 1489 monitricem
1243 1442 1386 1507 eorum,
1410 1442 1504 1513 quae
1526 1417 1610 1490 Deo

462 1541 629 1615 debemus
669 1538 779 1636 ,quin
816 1537 905 1610 boni
943 1563 987 1612 ac
1018 1537 1104 1611 mali
1132 1537 1330 1611 discrimen
1359 1539 1468 1612 nobis
1496 1538 1611 1612 adicit

469 1679 604 1760 ,atque
653 1661 706 1738 ita
755 1685 823 1734 nos
865 1676 1030 1752 accusat,
1075 1660 1165 1734 dum
1209 1660 1316 1735 nobis
1359 1662 1427 1759 ipsi
1470 1662 1609 1736 conscii

470 1809 629 1880 ,sumus
652 1809 726 1857 non
746 1808 841 1875 esse,
866 1797 907 1857 ut
930 1782 1065 1871 decuit,
1088 1782 1212 1856 officio
1227 1800 1356 1858 nostro
1371 1784 1607 1859 defunctos.’'

463 1905 587 2003 (Calv.
617 1905 690 2003 Op.
722 1905 836 2004 Corp.
866 1905 946 1980 Ser.
976 1902 1058 1981 Ref.
1088 1905 1235 1980 XXIX.
1265 1933 1301 2002 p.
1335 1908 1409 2003 29).

518 2031 617 2103 inter
666 2054 798 2102 omnes
848 2027 1015 2119 virtuteS,
1065 2028 1324 2114 Romanorum
1370 2025 1516 2102 indoles
1559 2028 1609 2102 ad

464 2152 639 2226 iustitiam
676 2147 874 2225 colendam
912 2149 1025 2224 valde
1061 2158 1263 2248 propensa,
1297 2151 1466 2230 ¹maxime
1495 2150 1610 2224 fidem

464 2275 720 2373 pietatemque
757 2270 906 2347 colebat
919 2273 958 2370 2),
989 2273 1077 2371 quin
1106 2273 1220 2347 etiam
1249 2288 1399 2346 sanctas
1427 2273 1607 2347 habebat.

466 2397 524 2471 Cf.
554 2396 641 2470 Ter.
672 2395 821 2469 Phorm.
853 2419 950 2488 904:

471 2548 614 2642 ,Heus
640 2561 793 2645 quanta,
811 2563 953 2644 quanta
969 2548 1062 2621 haec
1078 2573 1163 2621 mea
1177 2563 1381 2645 paupertas
1396 2564 1464 2638 est,
1481 2563 1609 2622 tamen

471 2670 631 2762 „Adhuc
661 2670 787 2744 curavi
815 2696 930 2743 unum
959 2671 1031 2744 hoc
1060 2670 1224 2768 quidem,
1241 2688 1281 2745 ut
1296 2671 1345 2744 mi
1362 2688 1462 2746 esset
1477 2670 1609 2745 fidesJ‘

478 2897 481 2901 .
517 2827 595 2900 Iam
639 2823 764 2897 Numa
805 2823 1008 2921 Pompilius
1043 2824 1150 2900 Fidei
1187 2824 1369 2900 sollemne
1406 2825 1607 2900 instituisse

463 2946 667 3036 dicebatur,
704 2961 744 3018 ut
780 2971 827 3019 eo
865 2946 984 3019 maior
1021 2972 1109 3019 cura
1146 2946 1247 3044 apud
1282 2947 1456 3045 antiquos
1494 2964 1608 3038 esset,

463 3087 504 3145 ut
530 3069 644 3143 fidem
672 3084 867 3142 servarent
895 3093 1057 3166 eamque
1086 3068 1263 3163 colerent,
1280 3085 1475 3168 tamqnam
1489 3070 1603 3145 deam

462 3192 499 3266 in
527 3190 653 3265 animo
680 3189 853 3288 positam.
885 3190 947 3288 (cf.
977 3191 1059 3265 Liv.
1095 3215 1125 3266 1.
1160 3194 1236 3290 21).

518 3313 632 3387 Fides
668 3328 784 3412 atque
821 3312 1086 3405 iusiurandum,
1125 3332 1167 3389 ut
1203 3315 1255 3388 ait
1287 3316 1414 3390 Livius
1444 3317 1495 3412 (1.
1529 3321 1607 3416 21.)

466 3496 614 3508 -ι-υ-

502 3587 721 3651 1)cs.Tert.de
741 3593 800 3638 test.
818 3603 861 3637 an.
880 3603 903 3638 c.
924 3598 937 3652 5
957 3586 1050 3653 (Corp.
1070 3589 1124 3638 Scr.
1144 3588 1216 3639 Eccl.
1238 3590 1297 3639 Lat.
1317 3588 1398 3639 Vind.
1418 3590 1477 3656 XX,
1500 3589 1533 3657 1).

500 3674 528 3743 2)
547 3675 579 3726 cf.
600 3676 698 3725 Comm.
719 3675 796 3724 Bern.
816 3691 859 3740 ap.
879 3676 942 3725 Luc.
962 3675 998 3741 11,
1017 3690 1045 3726 2:
1069 3677 1146 3740 ,Duo
1162 3683 1223 3726 sunt
1233 3677 1372 3743 praecipue
1383 3677 1517 3728 Romanae
1527 3677 1609 3729 virtu-

466 3770 530 3831 „tes
550 3763 670 3813 militaris
689 3761 770 3812 virtus
788 3768 815 3812 et
833 3760 943 3827 pietas.”

505 3851 643 3900 Praeterea
676 3848 710 3898 cf.
743 3847 833 3914 Voigt,
867 3849 910 3897 Ius
937 3847 1071 3915 Naturale,
1102 3847 1178 3915 1875,
1206 3866 1232 3915 p.
1261 3849 1326 3901 228:
1356 3851 1405 3916 „In
1433 3850 1494 3901 dem
1510 3851 1606 3901 Volks-

465 3938 617 4003 „charakter
648 3936 694 3986 des
722 3935 793 3986 alten
823 3936 934 3985 Romers
957 3935 1073 3986 leuchtet
1097 3936 1135 3986 als
1158 3937 1232 3987 einer
1255 3938 1302 3987 der
1320 3938 1461 3989 schdnsten
1480 3939 1535 3988 und
1554 3940 1611 3989 ein·

466 4024 674 4090 „uehmendsten
695 4023 766 4088 Zflge
784 4021 918 4072 strahlend
935 4021 1030 4072 hervor
1046 4022 1107 4086 jene
1125 4027 1254 4074 aiiszerste
1265 4024 1541 4091 Gewissenhaftigkeit
1552 4027 1609 4076 und

465 4111 615 4177 „peinlichc
640 4109 817 4175 Genauigkeit
841 4109 869 4158 in
888 4108 1028 4174 Erfdllung
1047 4111 1265 4161 tibernommener
1284 4111 1527 4178 Verpflichtungen‚
1542 4111 1606 4175 jene

465 4198 589 4262 ,hochste
615 4197 765 4247 Lauterkeit
789 4196 817 4244 in
842 4193 912 4245 allen
939 4195 1055 4261 Diogen,
1081 4195 1126 4245 der
1152 4197 1215 4247 fides
1237 4196 1451 4248 insbcsondere.”
1471 4198 1560 4265 Voigt,
1580 4205 1609 4249 ut

462 4283 528 4333 haec
546 4284 745 4348 demonstraret,
763 4282 907 4347 permultos
925 4281 997 4332 locos
1017 4298 1048 4332 ex
1068 4283 1240 4348 scriptoribus
1260 4283 1349 4334 latinis
1368 4284 1464 4334 attulit.

500 4369 532 4418 In
550 4369 635 4418 bonae
654 4368 714 4418 fidei
733 4368 835 4418 iudiciis
852 4367 935 4418 libera
954 4375 1072 4433 potestas
1091 4370 1207 4434 permitti
1225 4370 1363 4420 videbatur
1378 4369 1459 4419 iudici
1475 4385 1507 4419 ex
1523 4385 1609 4436 aequo

464 4461 491 4507 et
508 4457 580 4505 bono
598 4455 753 4505 aestimandi
773 4454 845 4522 (Gai.
864 4455 929 4505 Inst.
949 4469 976 4517 4.
996 4455 1053 4523 61).

491 4541 524 4591 cs.
555 4541 693 4607 Wissowa,
717 4541 820 4606 Pauly’s
846 4541 912 4592 Real
942 4541 1017 4610 Enc,
1043 4543 1093 4609 111,
1118 4544 1166 4593 sub
1192 4557 1270 4592 voce:
1295 4543 1385 4608 ,Bona
1410 4542 1474 4594 fides
1503 4543 1536 4593 ist
1561 4544 1609 4594 das

466 4632 544 4693 „gnte
559 4627 704 4695 Gewissen,
721 4627 764 4678 die
775 4627 890 4678 redliche
901 4627 1066 4697 Gesinnung,
1076 4629 1305 4697 Zuverl'assigkeit,
1315 4629 1384 4681 Treu
1394 4629 1449 4680 und
1460 4629 1609 4680 Guuben'z
