3528 5644
423 793 548 869 media
584 792 711 867 invia
742 790 896 882 versari,
927 813 1001 888 qua
1030 788 1117 863 inde
1147 813 1170 862 a
1198 786 1353 861 vocibus
1388 783 1565 880 „animus

425 942 543 1008 mens,
573 913 729 1012 pectus''
758 928 969 988 transeatur
996 913 1046 986 ad
1074 936 1208 986 vocem
1243 907 1566 1003 „conscientiam”

426 1041 488 1113 De
528 1038 639 1112 variis
679 1037 846 1129 vocibus
885 1035 1020 1133 quibus
1057 1034 1155 1109 actio
1193 1032 1441 1107 conscientiae
1475 1029 1568 1104 desi-

427 1162 625 1260 gnabatur,
664 1185 733 1234 nec
774 1184 849 1233 non
891 1158 939 1231 de
973 1183 1068 1231 voce
1098 1156 1346 1249 conscientiae,
1376 1151 1569 1252 quomodo

427 1281 607 1381 paulatim
649 1281 726 1356 vim
768 1280 949 1354 moralem
991 1279 1267 1376 adipisceretur,
1310 1278 1404 1351 haec
1444 1273 1570 1367 habui,

428 1430 526 1502 quae
550 1403 777 1494 scriberem„

481 1526 686 1623 Quomodo
718 1525 800 1623 ipsa
833 1524 1083 1608 conscientiae
1111 1524 1214 1598 notio
1244 1523 1280 1596 in
1310 1523 1570 1597 Romanorum

428 1650 601 1725 cordibus
641 1647 810 1737 creverit,
847 1673 916 1721 nec
951 1673 1026 1722 non
1063 1672 1162 1744 quae
1198 1671 1346 1735 causae,
1387 1659 1428 1719 ut
1466 1643 1571 1718 notio

429 1771 678 1847 conscientiae
740 1768 984 1863 adolesceret,
1047 1770 1252 1857 effecerint,
1310 1769 1383 1842 iam
1441 1767 1570 1864 paucis

433 1895 625 1969 disseram.

484 2112 507 2206 ξ
543 2132 577 2204 5.
615 2109 694 2183 lam
731 2107 767 2180 in
805 2106 927 2204 capite
962 2107 1140 2197 secundo,
1180 2131 1255 2204 quo
1295 2106 1343 2179 de
1378 2103 1571 2204 religione,

432 2247 618 2330 quatenus
646 2230 694 2304 ad
724 2230 989 2304 conscientiam
1010 2244 1168 2328 spectat,
1194 2229 1458 2321 disserebatur,
1484 2253 1573 2302 non-

432 2353 531 2428 nulla
560 2353 773 2428 haedere
801 2354 941 2451 scripsi.

488 2476 669 2565 Vidimus,
700 2476 883 2550 rationem
908 2491 1022 2574 atque
1046 2475 1321 2550 inclinationem
1346 2491 1574 2574 temporum,

432 2625 516 2674 cum
540 2597 728 2673 vinculum
752 2597 940 2698 religionis
960 2598 1141 2696 paulatim
1164 2598 1383 2690 solveretur,
1399 2599 1573 2672 homines

431 2724 482 2796 ad
509 2722 564 2794 sui
592 2721 706 2817 ipsius
734 2721 1090 2819 contemplationem
1120 2721 1344 2820 compulisse
1359 2722 1397 2820 1).

483 2843 696 2944 Stoicorum
747 2845 956 2919 doctrinam
993 2845 1029 2917 in
1072 2843 1284 2920 evolvenda
1325 2844 1577 2919 conscientiae

431 2966 585 3041 notione
614 2964 770 3038 multum
798 2964 971 3055 valuisse,
1001 2967 1084 3063 quis
1111 2983 1181 3058 est,
1210 2967 1275 3064 qui
1303 2968 1441 3064 neget?

483 3088 596 3163 Stoici
639 3089 821 3179 homineS,
859 3105 900 3162 ut
934 3115 976 3163 se
1009 3089 1078 3187 ipsi
1116 3105 1390 3187 cognoscerent
1427 3089 1574 3187 sibique

430 3211 500 3309 ipsi
536 3211 772 3306 imperarent,
802 3227 1027 3285 monuerunt
1054 3227 1170 3308 atque
1198 3212 1388 3285 destructa
1417 3211 1574 3309 antiqua

435 3332 615 3430 religione
643 3330 719 3430 legi
747 3331 905 3407 naturali
932 3359 1118 3408 summam
1146 3334 1222 3408 vim
1251 3334 1468 3410 tribuerunt.

476 3453 543 3527 'Cl
580 3453 810 3546 ,Stoicorum
839 3455 1019 3530 Veterum
1049 3456 1281 3555 Fragmenta
1305 3455 1387 3532 coll.
1412 3457 1573 3532 loannes

432 3576 482 3650 ab
514 3576 647 3649 Arnim
672 3575 756 3652 Vol.
784 3577 851 3670 111,
876 3578 1010 3676 Chrys.
1035 3579 1189 3678 Fragm.
1214 3579 1311 3654 Mor.
1339 3602 1415 3674 314
1440 3607 1477 3679 p.
1505 3599 1577 3677 77:

545 3705 585 3794 ,o‘
607 3699 707 3803 νόμος
733 3697 863 3779 πάντων
891 3703 954 3780 ἐστὶ
978 3691 1134 3807 βασιλὲὺς
1149 3707 1238 3780 θείων
1252 3735 1285 3781 τε
1299 3709 1356 3781 καὶ
1371 3702 1579 3808 ἀνθρωπίνων

437 3819 678 3928 „qooqptoirov⁷
706 3827 760 3902 δεῖ
782 3821 817 3902 δὲ
846 3820 943 3902 αὐτὸν
971 3821 1152 3932 προστάτην
1179 3823 1259 3904 εἶναι
1287 3841 1350 3905 τῶν
1379 3833 1492 3905 καλῶν
1520 3833 1578 3906 καὶ

438 3961 521 4040 1,τῶν
560 3950 705 4052 αἰσχρῦν
743 3948 800 4025 καὶ
837 3941 985 4054 ἄρχοντα
1021 3954 1078 4026 καὶ
1106 3947 1255 4053 ἡγεμόνα
1283 3956 1340 4028 nor*
1368 3945 1456 4030 κατὰ
1485 3959 1579 4030 τοῦτο

439 4145 654 4158 m

471 4285 497 4354 1)
521 4287 554 4336 cf.
579 4288 626 4336 Dr.
649 4288 672 4352 J.
695 4286 814 4353 Woltjer,
838 4302 862 4337 o.
878 4288 898 4337 l.
923 4303 949 4352 p.
977 4286 1041 4338 162:
1069 4288 1152 4353 „Cum
1177 4289 1325 4354 respublica
1351 4289 1451 4340 Romae
1476 4290 1504 4340 in
1523 4289 1586 4342 dies.

432 4373 532 4438 „magis
547 4388 689 4437 paucorum
705 4380 782 4440 esset,
798 4372 919 4439 plerique
934 4373 1031 4440 potius,
1045 4375 1178 4439 quomodo
1188 4375 1331 4425 commodis
1346 4376 1415 4427 vitae
1425 4375 1578 4442 divitiisque

434 4460 478 4524 „in
497 4459 552 4508 otio
571 4466 597 4509 et
616 4459 809 4525 tranquillitate
826 4460 885 4525 frui,
905 4477 983 4526 quam
1002 4460 1099 4511 civium
1109 4461 1261 4512 felicitatem
1272 4477 1366 4527 augere
1378 4469 1498 4529 possent,
1508 4463 1580 4528 cogi-

434 4546 550 4610 „tabant
576 4545 641 4595 Cum
666 4555 772 4611 pacatus
798 4546 879 4596 animi
902 4553 983 4598 status
1002 4547 1062 4597 finis
1081 4554 1149 4598 esset
1166 4549 1305 4616 bonorum,
1323 4548 1430 4599 moralis
1448 4548 1579 4616 doctrina,

433 4646 519 4698 ¹,quoe
536 4646 595 4680 eum
613 4632 727 4682 obtineri
746 4648 823 4698 posse
840 4633 960 4701 docebat,
980 4636 1122 4700 praecipua
1140 4642 1195 4686 erat
1214 4651 1275 4701 pars
1298 4635 1519 4702 philosophiae'’.
