3528 5644
755 544 805 629 69

218 748 293 822 dire
328 748 502 822 omnibus
539 750 607 843 dis,
644 777 741 850 quos
781 752 920 851 „longo
957 777 1054 828 aevo
1083 751 1200 852 longa
1227 779 1351 852 super·

216 863 313 944 st'itio
341 871 623 970 congesserat”.

267 993 402 1068 Stoicis
438 1021 529 1069 vero
571 996 697 1094 „sequi
730 997 869 1071 deum''
898 1014 999 1073 erat:
1024 997 1060 1075 τὸ
1083 997 1353 1102 ὁμολογουμένως

214 1131 253 1224 τῇ
279 1111 368 1219 φύσει
395 1129 469 1213 ζῆν.

267 1238 472 1336 Populares
504 1241 552 1314 de
579 1241 637 1314 dis
664 1241 859 1338 opiniones
886 1267 910 1316 a
937 1241 1072 1317 Stoicis
1100 1267 1175 1317 non
1204 1266 1353 1340 sperne·

214 1360 360 1454 bantur,
404 1361 507 1460 quod
548 1387 595 1436 ex
635 1365 783 1462 magnis
824 1361 1002 1439 molestiis
1042 1379 1214 1462 apparet,
1257 1388 1352 1460 quas

215 1497 254 1555 ut
298 1483 465 1556 omnium
511 1485 854 1559 commenticiarum
896 1483 1106 1559 fabularum
1152 1485 1353 1560 redderent

214 1605 409 1696 rationem,
447 1623 688 1704 susceperunt
697 1608 734 1704 ¹).
768 1607 864 1681 Cum
892 1608 1004 1706 igitur
1029 1608 1124 1682 haec
1152 1607 1247 1680 ratio
1275 1605 1353 1704 phi·

212 1725 408 1825 losophiae
436 1727 586 1803 Stoicae
614 1755 698 1803 cum
727 1727 907 1829 religione
934 1731 1110 1804 Romana
1132 1730 1351 1818 intercedat,

213 1875 327 1948 quarn
374 1851 525 1925 maximi
571 1852 750 1927 momenti
791 1868 860 1945 est,
898 1853 1063 1928 studiose
1099 1853 1278 1950 imprimis
1315 1853 1352 1926 in

211 1997 258 2047 ea
292 1972 489 2070 inquirere,
527 1999 626 2071 quae
652 1974 768 2049 Stoici
809 1975 857 2050 de
889 1973 1069 2074 religione
1096 1975 1280 2064 dixerunt,
1310 1989 1352 2050 ut

211 2096 285 2170 hoc
313 2097 428 2170 modo
457 2096 599 2189 melius,
630 2098 720 2195 quid
743 2099 780 2173 in
804 2100 957 2173 notione
980 2099 1229 2174 conscientiae
1252 2097 1351 2173 evol·

212 2218 337 2293 venda
365 2219 627 2315 praestiterint,
656 2221 936 2320 perspiciamus.

266 2462 341 2556 §5.
373 2462 559 2538 Omnibus
586 2464 730 2558 Stoicis,
761 2481 839 2540 tam
863 2467 1057 2565 prioribus,
1083 2469 1145 2567 qui
1168 2469 1350 2559 dicuntur,

211 2607 327 2678 quam
369 2585 646 2681 posterioribus,
683 2588 909 2663 videbantur
944 2590 1020 2664 duo
1053 2590 1232 2689 principia
1269 2617 1353 2666 esse

212 2705 250 2777 in
293 2730 415 2779 rerum
457 2721 601 2800 natura,
635 2735 683 2783 ex
720 2710 855 2807 quibus
891 2713 1018 2787 omnia
1055 2713 1203 2788 fierent:
1239 2737 1352 2788 causa

213 2841 254 2902 et
276 2828 442 2918 materia,
465 2831 514 2928 (τὸ
540 2839 650 2910 ποιοῦν
671 2839 728 2911 καὶ
751 2833 787 2910 τὸ
809 2831 964 2940 ποίσχον).
987 2834 1210 2929 „Materia”
1234 2835 1353 2934 inquit

214 2949 358 3025 Seneca
396 2952 482 3049 (Ep.
514 2958 575 3048 65.
608 2956 644 3052 2)
678 2956 797 3044 „iacet
823 2957 946 3031 iners”
975 2953 1100 3055 (ἄποιος
1127 2955 1235 3060 οὐσία,
1263 2954 1353 3055 ὕλη).

220 3071 367 3166 „Causa
394 3089 532 3166 autem,
561 3075 599 3149 id
622 3092 680 3152 est
700 3078 807 3171 ratio,
830 3080 1025 3154 materiam
1048 3080 1223 3154 format.''
1246 3081 1353 3153 Deus

215 3210 273 3268 est
300 3221 423 3286 causa,
453 3213 511 3272 est
537 3199 643 3291 ratio,
674 3201 785 3305 (λόγος
811 3210 868 3280 τοῦ
893 3203 1043 3301 παντός).

272 3316 373 3392 Alibi
397 3320 503 3394 Deus
526 3321 623 3419 ignis
645 3339 816 3398 vocatur.
840 3325 886 3400 cl.
911 3325 1027 3424 Diog.
1053 3325 1176 3400 Laert.
1203 3331 1350 3420 7.156:

275 3443 389 3534 „douai
406 3437 547 3536 δἀὐτοῖς
567 3443 626 3530 τὴν
650 3443 709 3551 μὲν
726 3442 818 3551 φύσιν
834 3446 914 3527 εἶναι
928 3457 989 3554 πῦρ
1004 3448 1152 3554 τεχνικόν
1168 3452 1233 3553 ὁδῷ
1250 3451 1353 3553 βαδί-

254 3722 279 3788 1)
309 3721 342 3772 cf.
373 3719 561 3788 Windelband,
592 3721 687 3772 Gesch.
716 3721 762 3772 der
787 3722 868 3772 Alten
899 3721 976 3788 Phil,
1001 3739 1027 3787 p.
1057 3720 1120 3773 188:
1151 3723 1218 3786 „Um
1242 3721 1270 3772 in
1297 3721 1353 3771 ihre

219 3809 428 3874 „Naturreligion
445 3809 487 3858 die
503 3809 616 3873 positive
632 3809 757 3874 Religion
771 3809 1026 3889 hineinzuarbeiten,
1042 3809 1131 3859 indem
1146 3810 1184 3860 sie
1198 3808 1241 3859 die
1260 3808 1354 3858 thter

219 3895 289 3960 „und
313 3897 467 3947 Daemonen
492 3896 538 3946 des
563 3895 775 3962 Volksglaubens
799 3895 838 3946 als
863 3896 1093 3962 Sondergestalten
1116 3897 1162 3947 der
1179 3897 1354 3964 allgemeinen
1436 3941 1438 3945 .

219 3982 340 4046 „Urkrait
358 3981 563 4032 behaudellen''.

252 4067 284 4119 ci.
309 4068 388 4119 etiam
414 4068 514 4119 Gaston
539 4069 661 4135 Boissier,
683 4069 710 4118 la
734 4068 846 4134 religion
871 4070 1011 4136 Romaine,
1037 4086 1063 4136 p.
1090 4079 1153 4134 1352
1181 4069 1269 4134 „C'est
1287 4069 1355 4120 ainsi

220 4153 314 4220 „qu‘en
332 4155 429 4205 faisant
446 4162 545 4205 rentrer
561 4163 620 4206 tous
638 4171 682 4206 ces
699 4155 779 4205 dieux
798 4155 836 4206 les
855 4172 905 4206 uns
924 4157 989 4206 dans
1007 4156 1045 4206 les
1063 4163 1151 4206 autres
1170 4161 1196 4205 et
1214 4156 1253 4206 les
1271 4171 1356 4221 regar·

219 4242 298 4306 „dant
322 4257 423 4291 comme
447 4241 493 4291 des
519 4242 640 4292 attribuis
665 4247 692 4291 et
711 4242 758 4292 des
776 4242 968 4307 qualifications
987 4242 1019 4292 de
1037 4242 1063 4292 la
1080 4243 1164 4292 meme
1183 4241 1302 4307 divinite,
1320 4257 1355 4290 on

220 4327 340 4392 „arrivait
362 4344 422 4378 sans
446 4333 505 4393 trop
534 4328 567 4378 de
592 4329 671 4393 peine
695 4329 711 4380 ὲ
735 4344 918 4394 recompenset
941 4328 1035 4379 l’unite
1061 4328 1163 4394 divine;
1262 4343 1306 4378 sur
1327 4342 1357 4378 ce

219 4415 312 4480 „point
339 4421 365 4464 et
392 4429 435 4463 sur
461 4415 598 4479 beaucoup
626 4414 739 4465 d'autres
766 4431 818 4481 que
841 4415 1010 4481 j'indiquerai
1029 4414 1089 4479 plus
1112 4412 1178 4479 tard,
1198 4412 1224 4463 la
1243 4413 1355 4479 religion

219 4501 352 4566 „romaine
377 4516 437 4551 sans
455 4502 510 4551 etre
529 4507 587 4567 trop
606 4500 746 4552 denaturee
766 4501 873 4568 pouvait
892 4503 907 4551 a
926 4517 977 4566 peu
996 4501 1056 4566 pr'es
1075 4499 1276 4550 s'accommoder
1294 4514 1357 4550 avec

220 4587 263 4653 „la
281 4585 476 4653 philosophie”.
