3576 5650
979 565 1029 638 50

485 758 576 832 Inde
610 783 685 833 non
723 771 781 832 est
813 755 1073 846 derivandum,
1102 755 1199 828 hanc
1220 779 1356 829 vocem
1380 768 1468 828 ante
1489 779 1574 828 sae·

429 879 553 956 culum
584 881 744 980 primum
769 906 803 956 a.
827 877 870 952 C.
888 903 923 952 n.
946 877 1100 952 omnino
1121 877 1157 950 in
1186 872 1255 951 usu
1270 900 1345 950 non
1361 874 1485 966 luisse,
1500 874 1573 948 sed

430 1000 548 1078 multa
575 1003 792 1090 admonent,
821 1001 926 1076 vocis
952 999 1204 1075 conscientiae
1232 1014 1321 1074 ante
1350 997 1574 1072 Ciceronem

430 1150 505 1200 non
534 1150 619 1200 eam
647 1125 723 1200 vim
753 1123 946 1212 moralem,
975 1148 1075 1222 quae
1102 1137 1237 1221 postea
1263 1122 1298 1196 ei
1325 1122 1456 1214 inerat,
1486 1145 1572 1218 pro·

431 1248 551 1346 priam
579 1247 706 1323 luisse.

484 1368 605 1444 Cursu
634 1385 848 1469 temporum
874 1369 979 1444 vocis
1006 1368 1063 1442 vis
1087 1365 1269 1466 paulatim
1293 1367 1424 1442 crescit
1445 1365 1568 1440 latius-

431 1517 506 1590 que
542 1505 659 1590 patet.
692 1491 741 1566 Et
769 1492 917 1566 dehac
945 1515 1041 1565 voce
1068 1488 1172 1565 valet
1199 1490 1248 1582 id,
1277 1489 1382 1588 quod
1408 1503 1569 1565 venuste

432 1615 582 1712 nenng
608 1591 696 1688 dien
724 1615 875 1710 (zweck
903 1614 952 1688 rm
983 1614 1119 1705 secut,
1149 1614 1194 1687 n.
1231 1615 1313 1710 17):

490 1736 554 1830 „ln
583 1733 757 1811 dasselbe
784 1734 1017 1834 sprachliche
1046 1735 1183 1810 Gesasz
1211 1735 1374 1809 schuttet
1403 1734 1463 1808 die
1488 1733 1573 1808 eine

437 1857 538 1952 ,zeit
573 1856 713 1949 diesen,
752 1857 812 1932 die
849 1858 990 1932 andere
1019 1857 1134 1957 jenen
1163 1856 1303 1949 lnhalt3
1332 1856 1402 1931 das
1430 1854 1569 1930 Gel'asz

437 1976 586 2074 ,bleibt‚
615 1978 683 2053 der
712 1976 835 2053 Inhalt
863 1979 997 2053 andert
1024 1977 1143 2053 sich’'.

485 2101 725 2176 Conscientia
747 2126 832 2175 cum
856 2101 906 2176 ad
924 2101 1042 2176 vitam
1057 2099 1239 2176 moralem
1257 2101 1453 2199 pertineat,
1468 2099 1571 2197 prius

431 2223 480 2298 de
517 2223 690 2299 universa
728 2249 873 2298 morum
911 2224 1143 2314 condicione,
1182 2223 1301 2322 qualis
1333 2224 1442 2298 fuerit
1469 2221 1572 2320 apud

434 2347 640 2440 Romanos,
669 2345 935 2444 disputandum
963 2361 1032 2437 est,
1062 2362 1102 2421 ut
1129 2346 1275 2438 dehinc,
1300 2347 1398 2421 notis
1422 2345 1574 2432 normis,

430 2469 511 2544 sive
547 2467 694 2566 legibus
733 2469 878 2567 scriptis
916 2469 996 2543 sive
1033 2494 1109 2544 non
1150 2468 1306 2567 scriptis,
1350 2495 1397 2543 ex
1438 2469 1574 2566 quibus

430 2591 657 2666 conscientia
678 2591 826 2684 iudicet,
850 2593 970 2690 ipsam
994 2593 1244 2667 conscientiae
1260 2593 1465 2684 notionem,
1480 2617 1572 2689 quo·

431 2712 546 2789 modo
574 2714 744 2803 creverit,
776 2713 907 2788 melius
935 2714 1191 2791 diiudicemus

484 2836 646 2912 Romani
670 2837 811 2934 antiqui
834 2863 918 2910 cum
943 2836 1208 2936 religiosissimi
1231 2836 1442 2912 mortalium
1457 2836 1573 2910 habe-

429 2959 1000 3057 renturomnibusquevirtutum
1011 2956 1573 3059 generibusexercendiscolen·

429 3081 562 3179 disque
589 3083 809 3175 eminerent,
833 3083 952 3180 iisque
975 3109 998 3157 a
1027 3083 1114 3157 Deo
1135 3098 1213 3158 tam
1238 3082 1371 3157 subtile
1394 3083 1572 3156 iudicium

428 3219 528 3278 esset
548 3203 708 3296 insitum,
729 3205 818 3302 quid
832 3205 980 3294 iustum,
998 3205 1087 3303 quid
1102 3206 1277 3280 iniustum
1300 3221 1410 3298 esset,
1428 3230 1569 3302 operae

429 3324 587 3424 pretium
618 3343 675 3401 est
712 3327 951 3427 investigare,
989 3328 1079 3426 quid
1114 3329 1341 3403 conscientia
1369 3328 1473 3426 apud
1501 3353 1570 3401 eos

429 3445 599 3540 valuerit,
655 3449 864 3548 quibusque
918 3450 1043 3524 verbis
1097 3451 1265 3526 actiones
1321 3449 1572 3526 conscientiae

429 3569 552 3646 elatae
579 3571 662 3647 sint.

483 3693 629 3769 Initium
670 3695 850 3770 faciamus
900 3722 923 3771 a
965 3694 1146 3794 religione
1183 3699 1444 3772 Romanorum
1485 3723 1571 3771 con·

428 3815 658 3914 templanda,
700 3819 1006 3917 quandoquidem
1049 3846 1173 3895 mores
1210 3818 1418 3920 religioque
1456 3847 1571 3919 quam

426 3937 609 4013 artissime
637 3937 732 4014 inter
760 3965 800 4015 se
830 3941 1033 4016 cohaerent
1043 3942 1082 4040 1).

430 4087 626 4101 *a

466 4152 492 4220 1)
511 4152 543 4203 cl.
563 4155 609 4204 Dr.
630 4151 664 4205 Η.
685 4153 810 4221 Bovinck,
829 4155 935 4221 Dogm,
953 4155 974 4204 1.
995 4171 1021 4220 p.
1041 4168 1110 4219 494:

464 4240 521 4303 „De
546 4238 637 4304 religie
660 4239 683 4290 is
708 4255 756 4290 een
782 4241 893 4291 etlische
917 4241 1082 4307 verhouding
1105 4258 1157 4292 van
1182 4241 1233 4292 den
1256 4241 1363 4292 mensch
1382 4247 1420 4292 tot
1442 4241 1519 4309 God3
1539 4241 1570 4307 zij

428 4324 467 4390 „is
492 4325 615 4392 geregeld
639 4327 666 4376 in
692 4325 809 4378 dezellde
833 4327 876 4377 lex
900 4327 1015 4394 moralis,
1034 4327 1117 4378 welle
1136 4328 1188 4379 ool<
1205 4327 1238 4379 de
1256 4329 1352 4379 andere
1370 4328 1570 4393 verhoudingen

428 4410 491 4476 „der
508 4411 650 4461 menschen
667 4418 705 4463 tot
721 4412 789 4478 zijne
803 4414 1035 4480 medeschepselen
1050 4416 1171 4482 bepaalt3
1181 4414 1232 4465 alle
1242 4416 1378 4481 religieuse
1387 4414 1572 4480 haudelingen

430 4497 498 4564 ¹,aijn
520 4497 648 4562 zedelijke
667 4499 785 4564 plichten
805 4516 838 4551 en
857 4501 917 4550 heel
935 4501 968 4551 de
986 4501 1078 4567 religio
1097 4502 1119 4552 is
1138 4517 1188 4553 een
1206 4502 1317 4567 zedelijk
1338 4500 1454 4569 gebod'’.
