3528 5644
727 609 772 674 91

178 796 251 869 der
309 795 372 871 alt.
423 794 514 870 Phil.
557 801 602 895 'p.
662 799 770 894 193):
828 797 902 890 ,Es
953 794 1046 871 fehlt
1097 796 1211 870 ihnen
1259 796 1328 868 das

185 919 371 1012 ,stoische
397 917 672 1017 Pssiehtgefnhl,
697 921 757 994 die
782 920 958 1018 Bindung
982 920 1050 994 des
1072 918 1329 994 Individuums

185 1057 318 1136 ,unter
353 1043 422 1117 das
459 1041 683 1141 allgemeine
720 1042 871 1135 Gesetz,
905 1043 975 1118 das
1004 1043 1232 1118 Bewustsein
1260 1042 1328 1116 der

186 1164 640 1258 ,Verantwortlichkeit.”

237 1288 479 1386 Quamquam
501 1289 614 1384 igitur
638 1289 787 1385 Epicuri
810 1287 981 1362 doctrina
1002 1288 1052 1363 ad
1076 1286 1327 1362 conscientiae

177 1411 373 1484 notionem
404 1409 656 1485 evolvendam
683 1437 817 1510 parum
837 1426 936 1508 apta
964 1427 1055 1504 erat,
1086 1426 1212 1483 tamen
1241 1433 1327 1483 con·

177 1531 357 1608 scientiae
407 1533 531 1608 malae
581 1549 770 1610 tormenta
819 1532 965 1608 silentio
1007 1533 1210 1631 praeterire
1251 1556 1326 1605 non

179 1671 342 1753 poterat.

237 1778 383 1852 Audias
425 1780 528 1876 Epic.
568 1805 629 1877 ap.
667 1781 783 1878 Diog.
827 1804 919 1873 144:
963 1786 1004 1875 ,ὁ
1039 1783 1167 1871 δίκαιος
1204 1775 1327 1882 ἀταρα-

183 1899 363 1995 ,actitarat
390 1909 409 1979 ὁ
436 1897 586 1996 δ’ἇδικος
614 1909 764 1995 πλείστης
791 1915 944 2007 ταραχῆς
971 1900 1106 2006 γε’μων”
1125 1901 1163 1998 ¹).

239 2022 282 2096 ld
318 2023 420 2120 quod
453 2039 492 2098 et
521 2024 715 2100 Lucretius
743 2023 843 2099 canit
872 2025 923 2121 (3.
960 2024 1257 2119 1009—1017):

184 2143 395 2238 „Cerberus
423 2161 462 2220 et
491 2146 626 2222 Furiae
654 2146 729 2222 iam
757 2172 861 2237 ver0,
890 2161 929 2220 et
956 2145 1047 2221 lucis
1075 2169 1220 2243 egenus

184 2267 388 2361 „Tartarus
416 2269 615 2344 horrileros
642 2286 816 2345 eructans
843 2270 1010 2344 saucibus
1038 2284 1176 2360 aestus,

182 2390 332 2486 ,Quidi
353 2417 476 2490 neque
492 2407 578 2466 sunt
592 2418 753 2490 usquam
772 2417 842 2466 nec
861 2407 1018 2489 possunt
1033 2417 1117 2466 esse
1131 2390 1324 2487 prolecto:

186 2513 287 2607 ,Sed
316 2531 438 2590 metus
465 2516 502 2590 in
530 2516 609 2590 vita
637 2541 845 2614 poenarum
874 2540 944 2613 pro
973 2514 1071 2590 male
1099 2514 1205 2589 lactis

186 2637 278 2731 ,Est
305 2638 511 2734 insignibus
539 2638 705 2736 insignis,
734 2637 960 2735 scelerisque
987 2636 1112 2728 luella,

183 2759 346 2854 ,Carcer
374 2775 413 2834 et
439 2760 623 2837 horribilis
650 2762 699 2836 de
726 2787 818 2836 saxo
846 2760 956 2835 iactu'
986 2760 1164 2836 deorsum

183 2883 389 2978 ,Verbera,
418 2885 621 2978 carnifices
650 2886 774 2976 robur,
804 2885 878 2982 pix,
907 2882 1098 2977 lammina,
1127 2883 1285 2976 taedae,

184 3007 319 3102 „Quae
343 3021 470 3081 tamen
495 3007 563 3082 etsi
587 3009 736 3100 absunt,
761 3023 800 3082 at
815 3033 922 3081 mens
936 3008 1017 3096 sibi,
1033 3005 1182 3080 conscia
1203 3004 1321 3096 factis,

183 3128 473 3222 ,Praemetuens
500 3130 655 3205 adhibet
682 3129 863 3223 stimulos,
893 3145 1083 3226 terretque
1113 3125 1309 3224 flagellis''.

65 3297 69 3304 -
177 3249 368 3349 Vergilius
389 3249 577 3343 locutioni,
603 3278 702 3350 quae
726 3267 784 3328 est
798 3276 905 3326 mens
919 3252 988 3325 sibi
1002 3249 1164 3339 conscia,
1181 3273 1321 3322 novam

8 3369 9 3378 '
175 3372 489 3471 significationem
539 3375 717 3468 attribuit,
765 3376 799 3450 ei
839 3374 1079 3472 adiectivum,
1123 3372 1225 3470 quod
1267 3387 1325 3446 est

175 3512 314 3588 rectus,
343 3495 564 3595 adiungens.

182 3680 381 3694 ῳ

217 3771 243 3839 1)
272 3772 306 3822 cf.
334 3773 383 3823 Dr.
404 3772 429 3836 J.
454 3770 574 3838 Woltjer,
599 3771 716 3821 Lucretii
739 3770 912 3836 Philosophia
937 3786 996 3822 cum
1022 3769 1140 3820 sontibus
1168 3775 1326 3836 comparata,

179 3858 258 3924 1877,
283 3875 310 3924 p.
339 3867 403 3922 175:
430 3858 513 3923 ,Cum
538 3865 636 3907 metum
660 3858 769 3908 deorum
791 3856 924 3908 sustulerit
941 3865 1029 3924 poeta,
1044 3856 1121 3907 facile
1137 3855 1219 3905 videri
1236 3862 1326 3920 posset

178 3944 295 4011 „nullam
319 3944 458 4009 reliquisse
483 3945 547 4010 vim,
572 3959 639 4008 quae
664 3945 803 3994 sceleratos
828 3945 963 3994 continere
983 3943 1067 4009 possit
1086 3949 1112 3992 et
1130 3957 1204 4007 spem
1224 3943 1256 3991 iis
1276 3942 1325 3991 eri-

178 4047 259 4097 „pere
283 4032 340 4082 fore
364 4038 393 4081 ut
417 4047 521 4096 semper
546 4030 644 4081 scelera
670 4030 771 4081 lateant
789 4039 815 4081 et
833 4045 935 4096 poenae
954 4045 1008 4080 nou
1027 4035 1180 4094 sequantur.
1200 4029 1325 4078 Attamen

178 4125 279 4182 „metus
295 4116 409 4167 maculat
426 4133 569 4182 poenarum
586 4116 702 4182 praemia
718 4118 794 4168 vitae.
812 4116 977 4168 circumretit
994 4116 1064 4166 enim
1081 4115 1121 4164 vis
1136 4121 1215 4180 atque
1231 4114 1327 4164 iniuria

179 4219 337 4270 „quemque,
360 4210 440 4269 atque
466 4203 535 4254 uude
561 4211 684 4270 exortast,
709 4204 743 4254 ad
767 4220 824 4254 eum
851 4205 1006 4270 plerumque
1031 4202 1137 4253 revertit
1158 4217 1206 4252 nec
1224 4200 1327 4252 facilest

179 4291 327 4357 ,placidam
349 4307 379 4340 ac
403 4297 521 4356 pacatam
548 4292 641 4356 degere
665 4292 753 4358 vitam,
779 4293 825 4357 qui
850 4292 931 4341 violat
956 4291 1032 4342 lactis
1054 4290 1202 4342 communia
1218 4288 1326 4340 foedera

179 4466 264 4530 „clam
288 4463 405 4514 diffidere
429 4463 522 4532 debet3
547 4465 650 4530 quippe
674 4464 719 4514 ubi
745 4481 772 4514 se
796 4465 872 4514 multi
897 4481 945 4530 per
967 4465 1069 4514 somnia
1088 4479 1166 4529 saepe
1186 4464 1326 4529 loquentes

176 4557 237 4616 „aut
253 4551 345 4599 morbo
365 4550 506 4601 delirantes
526 4557 647 4616 protraxe
666 4551 781 4601 serantur
802 4558 827 4601 et
847 4551 930 4601 celata
949 4551 1018 4600 mala
1039 4551 1066 4600 iu
1086 4551 1200 4600 medium
1220 4557 1245 4600 et
1265 4566 1325 4615 pec·

178 4644 253 4703 ,cata
272 4636 402 4687 dedisse''.
