3528 5644
66 1078 68 1204 l

65 1301 67 1422 l

701 608 771 682 115

165 797 303 886 „findet
316 798 395 874 sich
409 801 725 900 ausgesprochen,
736 827 814 878 was
829 799 886 877 als
895 801 954 877 ein
964 803 1299 904 Pythagoreisches

164 917 342 1028 »ἄκουσμα
383 921 607 998 lamblichus
649 925 798 1000 anfuhrt
835 925 993 1026 Pythag.
1032 953 1063 1002 c.
1100 932 1145 1003 18
1173 930 1197 1026 ᾖ
1228 952 1296 1002 22:

164 1051 215 1139 ,ri
238 1045 460 1136 α’ληθέστατον
488 1046 635 1150 liparam
659 1047 706 1126 ἔτι
733 1054 864 1154 πονηροὶ
893 1051 924 1128 οἱ
951 1044 1149 1155 ἅνθρωποι.”

207 1167 355 1244 Seneca
405 1168 613 1260 confitetur,
665 1196 822 1268 peccare
870 1197 1013 1266 omnes,
1050 1171 1112 1247 alii
1154 1173 1297 1272 gravia,

158 1289 215 1364 alii
252 1290 416 1386 leviora3
455 1292 544 1390 quin
581 1293 693 1368 etiam
728 1319 868 1392 ,usque
896 1295 946 1370 ad
972 1311 1183 1372 extremum
1209 1297 1295 1372 aevi

65 1503 66 1512 ἵ
158 1413 427 1513 delinquemus,
443 1415 497 1514 ¹)”

208 1537 357 1637 Regula
391 1539 514 1638 igitur,
554 1565 653 1638 quae
691 1541 798 1637 quasi
833 1541 881 1615 de
918 1540 1026 1616 coelo
1063 1538 1220 1640 delapsa
1248 1542 1297 1616 ad

158 1662 407 1755 cognitionem
435 1663 601 1737 omnium
629 1662 746 1737 vitam
776 1663 910 1763 dirigit,
939 1690 1071 1763 parum
1096 1681 1296 1764 suppetere

156 1784 363 1861 videbatur.

206 1906 345 2006 Neque
380 1908 417 1982 in
449 1933 490 1983 se
517 1909 705 2002 recedere,
747 1935 871 2008 neque
898 1911 1147 1986 conscientiae
1180 1910 1296 1986 fidere

155 2055 281 2105 veram
310 2031 616 2129 tranquillitatem
645 2033 865 2130 praebebat.

204 2154 289 2252 Ipse
328 2153 473 2230 Seneca
510 2156 773 2232 conscientiam
812 2157 1033 2232 titubantem
1071 2156 1133 2232 vel
1171 2157 1295 2256 potius

156 2275 384 2352 dubitantem
422 2279 511 2354 satis
546 2304 663 2378 saepe
692 2281 877 2379 designat,
908 2281 1036 2379 itaque
1064 2306 1140 2355 non
1168 2281 1295 2356 levita-

62 2467 63 2484 ,
154 2413 228 2474 tem
266 2425 351 2474 esse
388 2417 496 2499 putat
530 2427 553 2476 a
587 2402 740 2502 cognito
779 2404 1037 2502 damnatoque
1069 2429 1195 2479 errore
1223 2404 1293 2479 dis·

153 2522 285 2600 cedere
322 2540 437 2623 atque
465 2540 594 2599 contra
622 2526 873 2602 conscientiae
902 2527 1132 2602 commonita
1160 2553 1289 2627 agere.

202 2653 262 2726 Ea
300 2665 426 2725 aetate
460 2649 583 2748 igitur,
621 2648 670 2724 de
707 2675 782 2749 qua
820 2649 966 2724 Seneca
1004 2649 1181 2748 queritur,
1218 2676 1294 2724 non

154 2773 224 2848 iam
267 2774 402 2848 furtiva
444 2799 528 2849 esse
569 2771 722 2866 scelera,
765 2799 858 2848 vero
896 2774 994 2848 adeo
1031 2775 1066 2847 in
1105 2773 1293 2872 publicum

60 2989 61 2994 Ἰ
154 2898 303 2972 missam
349 2923 433 2972 esse
485 2898 700 2996 nequitiam,
743 2912 785 2971 ut
826 2897 1036 2971 innocentia
1086 2923 1160 2972 non
1208 2921 1293 2970 rara

60 3071 61 3094 r
153 3023 216 3096 sed
246 3021 347 3097 nulla
375 3037 486 3113 esset,
516 3021 650 3095 frustra
685 3047 769 3094 cum
800 3037 938 3120 poetae
967 3037 1046 3095 tum
1080 3020 1292 3119 philosophi

153 3143 333 3235 homines,
371 3161 413 3218 ut
448 3144 486 3217 in
522 3169 564 3218 se
601 3144 819 3218 recederent
855 3167 1119 3240 summumque
1150 3144 1290 3217 bonum

153 3267 185 3340 in
199 3268 327 3343 animo
341 3293 425 3341 esse
440 3281 626 3364 putarent,
638 3266 855 3340 monebant.
867 3265 1001 3362 Neque
1016 3290 1138 3338 rerum
1150 3265 1292 3339 abdita-

153 3415 231 3465 rum
255 3417 344 3466 cura
363 3415 487 3488 neque
499 3389 705 3465 futurarum
721 3388 920 3487 praesagia
936 3413 1059 3485 neque
1074 3387 1293 3485 multiplices

152 3515 441 3613 superstitiones,
477 3538 593 3611 ,quas
627 3512 755 3587 salutis
789 3511 1003 3610 desperatio
1036 3509 1292 3608 scelerumque

157 3637 402 3726 „conscientia
422 3636 649 3736 progignere
672 3633 792 3710 solet’'
808 3635 836 3732 ⁹)
864 3660 994 3710 veram
1009 3659 1143 3732 pacem
1158 3635 1292 3710 afferre

152 3777 335 3858 poterant.

202 3886 322 3961 Recte
353 3909 445 3959 sane
474 3883 629 3976 Persius,
660 3879 819 3957 Ovidius
834 3881 861 3979 ³)
888 3877 1026 3977 aliique
1053 3879 1291 3954 animadver-

150 4131 334 4144 Ἣ

186 4306 214 4374 1)
231 4305 292 4356 Seu.
316 4303 399 4356 Clem.
421 4315 444 4354 ι,
464 4301 490 4353 6.

184 4393 214 4459 a)
230 4393 264 4444 cl.
283 4391 400 4457 lobeck,
420 4385 661 4455 ,Aglaophamus”,
679 4402 707 4451 p.
727 4396 787 4449 312.

184 4479 213 4548 3)
229 4479 264 4531 cf.
284 4479 334 4530 Ov.
355 4477 437 4543 Fasti,
457 4490 481 4528 2.
500 4484 550 4541 45:

335 4565 395 4632 ,nh
419 4564 529 4614 nimium
553 4561 653 4627 felices,
673 4559 720 4624 qui
740 4557 824 4609 tristia
842 4557 951 4608 crimina
974 4556 1064 4608 caedis

334 4652 488 4720 ,Fluminea
506 4649 564 4730 tolli
584 4663 662 4714 posse
684 4645 785 4712 putetis
804 4643 899 4711 aqua.”
