3576 5650
857 1399 1073 1474 CAPUT
1109 1399 1136 1473 I.

897 1613 1092 1623 ——-—--

426 1767 505 1846 Quo
529 1770 777 1828 enumerantur
800 1767 869 1826 loct
891 1763 1079 1842 praecipui,
1100 1763 1227 1838 quibus
1247 1749 1353 1824 voces
1373 1762 1573 1837 „conscire”

633 1869 836 1945 „conscius”
860 1863 1117 1943 „conscientia”
1140 1869 1370 1943 reperiuntur.

485 2072 544 2146 Ex
564 2071 736 2146 omnibus
750 2070 989 2168 scriptoribus
1005 2069 1199 2160 Romanis,
1216 2068 1279 2165 qui
1294 2094 1414 2166 usque
1429 2068 1572 2166 adlsae-

430 2193 552 2270 culum
577 2194 726 2269 tertium
747 2220 784 2291 p.
811 2192 854 2268 C.
872 2216 907 2266 n.
922 2192 1108 2281 vixerunt,
1130 2216 1262 2264 omnes
1276 2188 1380 2264 locos
1400 2190 1569 2283 afferam,

431 2317 565 2415 quibus
584 2342 672 2404 vox,
698 2340 796 2412 quae
820 2330 877 2388 est
900 2314 1138 2405 conscientia,
1154 2311 1345 2410 reperitur.
1364 2313 1406 2387 ln
1422 2337 1571 2387 enume-

430 2437 556 2512 randis
582 2434 673 2512 locis
701 2463 833 2512 omnes
861 2436 1060 2534 scriptores
1088 2435 1292 2510 secundum
1318 2461 1447 2510 eorum
1471 2450 1572 2509 aeta-

430 2576 507 2634 tem
542 2558 706 2633 laudabo
744 2574 858 2656 atque
887 2557 1071 2632 rationem
1098 2557 1379 2656 significationis
1407 2558 1570 2649 habeb0‚

360 2717 362 2725 ·
431 2698 615 2781 quatenus
650 2681 687 2754 id
715 2681 793 2756 fieri
821 2696 958 2778 potest,
987 2707 1071 2755 cum
1101 2679 1326 2780 ambiguitas
1354 2681 1458 2754 vocis
1486 2706 1573 2754 con-

429 2803 604 2880 scientiae
632 2805 667 2878 in
696 2805 896 2878 statuenda
923 2803 1195 2902 significatione
1218 2804 1368 2901 saepius
1392 2829 1572 2902 magnam

430 2926 685 3002 difficultatem
714 2926 896 3023 praebeat
910 2927 947 3023 ¹).

482 3048 541 3122 Ex
576 3047 667 3123 locis
701 3073 803 3140 vem,
834 3048 968 3146 quibus
995 3074 1070 3122 vox
1105 3045 1319 3142 „conscius”
1349 3047 1531 3145 reperitur
1543 3048 1571 3145 ⁹)

428 3197 496 3247 eos
518 3187 663 3246 tantum
687 3170 855 3262 afferam,
873 3196 969 3269 quos
983 3186 1208 3270 argumento
1224 3168 1376 3243 alicuius
1392 3169 1571 3244 momenti

429 3319 512 3369 esse
540 3294 681 3392 putavi.
1234 3378 1237 3386 A

483 3415 665 3508 Verbum,
701 3415 804 3512 quod
838 3430 895 3489 est
923 3416 1099 3506 conscire,
1127 3415 1230 3514 apud
1258 3415 1433 3512 antiquos
1459 3413 1572 3510 scrip·

429 3553 530 3612 tores
565 3561 641 3611 uno
678 3551 823 3611 tantum
860 3534 944 3612 loco
982 3536 1130 3636 legitur,
1160 3536 1235 3612 scil.
1266 3563 1327 3635 ap.
1358 3536 1569 3611 Horatium.

430 3659 501 3758 Ep.
538 3685 568 3734 1.
605 3685 634 3735 1.
667 3665 735 3734 61:
1331 3669 1333 3680 ’

537 3782 610 3857 Hic
638 3808 765 3856 murus
793 3806 933 3857 aeneus
962 3798 1066 3857 esto:

391 4093 394 4099 .
467 4045 492 4114 1)
515 4047 571 4098 Iam
595 4046 639 4096 diu
664 4061 755 4096 omnes
778 4043 851 4095 locos
875 4044 1040 4112 collegeram,
1066 4059 1125 4094 cum
1143 4043 1269 4094 Thesauri
1288 4045 1394 4110 linguae
1413 4044 1523 4095 Latinae
1542 4060 1574 4096 ea

428 4149 488 4200 pars
515 4134 617 4200 prelum
644 4132 761 4199 reliquit,
787 4132 816 4181 in
844 4147 896 4198 qua
924 4148 975 4181 vox
1003 4133 1179 4182 conscientiae
1207 4138 1339 4183 tractatur.
1367 4133 1458 4182 Multis
1486 4139 1572 4183 autem

428 4219 541 4270 numeris
568 4227 620 4269 tam
647 4219 674 4268 in
703 4218 885 4269 enumerandis
912 4217 977 4268 locis
1006 4235 1084 4284 quam
1112 4219 1140 4268 in
1169 4218 1355 4284 distinguenda
1379 4219 1573 4283 indicandaque

427 4304 617 4372 significatione
642 4305 714 4355 vocis
738 4305 915 4355 conscientiae
940 4321 956 4354 a
980 4306 1114 4355 Thesauro
1139 4305 1270 4372 discrepo,
1294 4306 1322 4355 id
1341 4305 1412 4370 quod
1430 4307 1572 4370 unicuique

427 4393 494 4442 bene
512 4391 612 4457 legenti
632 4391 801 4456 perspicuum
820 4392 876 4441 erit.

464 4477 493 4546 a)
517 4478 645 4529 Conscius
668 4477 764 4528 dicitur
787 4480 808 4528 is
836 4478 870 4529 1⁰.
896 4479 942 4543 qui
967 4495 1026 4530 cum
1050 4478 1103 4529 alio
1128 4479 1190 4546 scit;
1217 4479 1254 4530 2⁰.
1274 4479 1320 4544 qui
1339 4495 1427 4529 secum
1445 4479 1502 4547 scit,
1521 4479 1573 4528 sibi

427 4565 547 4618 conscius
566 4571 620 4634 est3
640 4566 677 4630 3⁰.
696 4566 743 4632 qui
762 4565 830 4616 bene
850 4566 908 4616 scit.

681 4661 689 4690 Ι

966 5619 991 5625 ..-
1003 5613 1458 5626 -κν--μ-ῑ--ρ-ο-τ--ῂ-
1486 5615 1561 5624 -.
1571 5609 1755 5626 --.ῄ.,..,....-ι

859 5625 962 5646 ...an-¹⁴⁰*
