3528 5644
679 607 749 678 113

190 791 300 867 Vere
336 793 483 869 honesti
524 797 648 871 bonae
688 813 834 873 tantum
877 799 1128 874 conscientiae
1165 799 1285 896 pretio

137 914 305 990 ducendi
333 933 429 994 sunt.
460 918 520 1016 (cf.
550 919 643 994 Tac.
672 920 768 1020 Agr.
803 946 834 996 1.
871 923 915 1018 1).

190 1038 308 1113 Bona
348 1040 575 1117 conscientia
615 1068 638 1116 a
680 1042 827 1118 Seneca
867 1059 1015 1118 amatur
1054 1059 1286 1141 vocaturque

137 1161 370 1237 adiutorium
398 1163 602 1240 hominum.

193 1285 240 1358 ln
257 1285 383 1360 media
392 1303 605 1385 temporum
616 1303 841 1387 tempestate
852 1289 1000 1364 Seneca
1008 1290 1190 1381 homines,
1203 1305 1243 1364 ut
1251 1291 1287 1363 in

46 1491 49 1508 ‚
137 1431 179 1481 se
194 1410 421 1484 recederent
435 1411 560 1509 ibique
574 1410 841 1510 tranquillitate
853 1413 1073 1504 fruerentur,
1088 1413 1285 1488 suadebat.

195 1531 367 1626 „Soita”
410 1535 541 1633 inquit,
582 1562 758 1628 „omnem
797 1537 1054 1614 condicionem
1091 1563 1174 1612 esse
1205 1562 1287 1611 ver-

146 1653 354 1748 „sabilem”
385 1657 542 1758 (Tranq.
573 1659 647 1735 An.
684 1663 755 1758 11).

195 1779 328 1874 Quam
366 1780 416 1856 ob
453 1807 533 1857 rem
567 1809 754 1857 summum
791 1784 933 1858 bonum
971 1784 1008 1856 in
1049 1783 1174 1858 animo
1202 1809 1288 1858 con·

140 1900 373 1977 stituendum
402 1919 505 1998 erat3
536 1904 717 2004 „quilibet
743 1921 911 1980 nostrum
939 1905 1129 1980 debuisset
1157 1907 1288 1981 adver-

143 2049 236 2116 „sus
276 2025 472 2124 opiniones
514 2027 700 2127 malignas
741 2029 832 2104 satis
874 2028 1033 2104 fiduciae
1074 2029 1214 2103 habere
1249 2031 1286 2102 in

143 2147 276 2237 „bona
310 2149 574 2224 conscientia.’'
613 2151 676 2248 (de
715 2149 834 2227 Clem.
879 2176 910 2226 1.
955 2153 1029 2249 15.)
1067 2151 1172 2226 Bona
1201 2177 1286 2226 con·

142 2269 301 2346 scientia
337 2287 463 2348 autem
491 2274 568 2348 lere
597 2299 801 2371 numquam
831 2291 934 2350 extat
948 2271 987 2372 ¹).
1017 2272 1287 2371 Sapientissimi

142 2392 212 2466 viri
256 2393 373 2469 multa
414 2394 635 2494 delinquunt
648 2397 697 2494 ²);
740 2396 953 2494 delictoque
995 2397 1195 2471 commisso
1238 2397 1287 2470 ad

144 2513 369 2613 supplicium
397 2518 650 2615 paenitentiae
678 2533 716 2592 et
744 2519 767 2592 ii
795 2519 992 2594 traduntur
1005 2520 1043 2616 ³).

198 2637 360 2737 Sapiens
410 2638 483 2731 ille,
534 2639 638 2715 cuius
688 2641 850 2737 speciem
893 2641 1130 2738 formamque
1171 2641 1287 2715 Stoici

145 2776 225 2834 tam
263 2786 380 2860 saepe
412 2763 742 2856 adumbraverunt,
771 2779 853 2838 erat
880 2763 1072 2854 confictus,
1103 2789 1288 2862 nusquam

146 2885 368 2983 apparebat.

202 3007 305 3100 „Ubi
332 3008 432 3084 enim
459 3009 569 3084 istum
596 3010 775 3104 invenies,
804 3035 918 3107 quem
942 3023 999 3083 tot
1021 2995 1158 3084 seculis‘
1175 3035 1287 3107 quae·

147 3128 300 3206 rimus.‘’
330 3130 432 3229 (Sen.
462 3133 603 3232 Tranq.
635 3133 710 3208 An.
744 3155 777 3229 7.
809 3134 862 3230 4.)

200 3253 413 3330 Sescenties
428 3256 591 3353 quidem,
602 3273 642 3330 ut
655 3257 794 3331 normis
808 3253 1020 3354 regulisque
1035 3256 1221 3329 mentibus
1236 3255 1286 3328 in·

147 3375 225 3450 sitis
239 3376 503 3476 obsequamur,
519 3380 688 3454 hortatur
702 3379 858 3454 Seneca.
875 3377 921 3452 cf.
938 3379 1027 3452 Ben.
1038 3403 1073 3471 4.
1090 3403 1133 3451 21
1154 3409 1160 3452 :
1179 3378 1286 3472 „Hie

153 3499 263 3597 ,quid
284 3499 386 3574 aliud
410 3503 586 3601 sequitur,
611 3528 727 3600 quam
749 3503 869 3600 ipsam
894 3501 1170 3594 conscientiam,
1189 3527 1288 3599 quae

153 3622 286 3709 „etiam
315 3622 450 3698 obruta
478 3624 740 3702 delectat
771 3622 950 3700 reclamat
979 3639 1017 3698 et
1044 3624 1080 3696 in
1108 3650 1149 3699 se
1164 3624 1290 3699 omnia

155 3745 359 3843 „reponit”
389 3747 533 3823 Audias
561 3765 599 3823 et
628 3746 733 3823 illud:
768 3748 906 3837 „Sacer
928 3748 1023 3821 intra
1050 3773 1118 3822 nos
1142 3747 1290 3844 spiritus

155 3869 282 3960 „sedet
294 3871 334 3967 4),
359 3869 542 3946 malorum
565 3872 826 3968 bonorumque
843 3885 1055 3945 nostrorum
1071 3871 1291 3944 observator

149 4033 343 4048 w

188 4115 214 4183 1)
232 4115 292 4168 Sen.
311 4116 345 4168 de
364 4119 414 4186 Ira,
435 4129 459 4183 3.
480 4132 524 4183 24.

185 4202 213 4270 2)
231 4203 291 4254 Seu.
311 4205 362 4270 Ep.
383 4215 431 4271 57:
452 4205 529 4272 „Non
548 4204 581 4256 de
596 4221 637 4256 me
654 4219 727 4254 nunc
744 4210 829 4255 tecum
844 4203 948 4271 loquor,
965 4202 1012 4268 qui
1022 4202 1131 4253 multum
1141 4204 1174 4253 ab
1184 4203 1291 4254 homine

151 4289 304 4358 ¹‚tolerabili²
324 4291 421 4341 nedum
440 4307 455 4342 a
474 4291 592 4358 perfecto
611 4289 731 4342 absum”.

187 4373 215 4445 3)
234 4377 294 4429 Seu.
313 4379 347 4429 de
366 4380 417 4448 Iro,
436 4391 464 4443 3.
484 4379 528 4430 26.

183 4462 212 4529 4)
233 4464 294 4515 Seu.
319 4466 370 4531 Ep.
393 4478 437 4530 41.
463 4480 494 4534 23
519 4466 604 4517 Zeller
630 4465 757 4516 adnotat:
787 4466 853 4530 „Mit
877 4464 936 4514 dem
961 4464 1047 4515 nichts
1066 4463 1176 4514 anderes
1194 4463 1233 4514 als
1251 4465 1294 4514 die

141 4547 269 4601 Vernuuft
293 4552 348 4602 und
367 4553 412 4603 das
432 4553 567 4604 Gewissen
588 4554 633 4603 des
654 4551 804 4602 Menschen
823 4552 939 4618 gemeint
959 4550 1020 4604 ist”.
1039 4551 1145 4618 (Zeller,
1172 4551 1225 4602 o.l.
1244 4553 1293 4604 ΙΙΙ.

141 4650 165 4699 p.
184 4640 261 4707 727);
280 4637 313 4691 cs.
335 4655 376 4706 ep.
396 4653 439 4703 41.
463 4652 491 4690 1:
513 4641 615 4706 „Prope
636 4647 675 4690 est
697 4646 755 4690 ate
776 4640 858 4706 Deus,
878 4646 964 4689 tecum
983 4645 1031 4706 est,
1051 4639 1121 4689 intus
1139 4635 1205 4688 est.'‘

1164 4739 1181 4789 8
