3576 5650
615 1170 954 1248 PROOEMIUM.

269 1459 376 1534 Multi
427 1460 494 1534 viri
543 1462 654 1562 docti
691 1490 775 1537 cum
821 1462 1033 1562 philosophi
1070 1480 1148 1538 tum
1186 1464 1355 1564 theologi

213 1582 262 1656 de
297 1584 450 1657 notione
477 1585 729 1659 conscientiae
757 1587 1035 1684 scripserunt1).
1067 1586 1200 1681 Qualis
1228 1604 1354 1662 autem

214 1705 345 1781 suisset
371 1706 472 1804 apud
497 1707 671 1804 antiquos
700 1707 868 1782 Graecos
896 1724 1011 1806 atque
1042 1711 1250 1802 Romanos,
1275 1737 1356 1808 per-

213 1827 323 1927 pauci
350 1829 499 1902 uberius
522 1845 788 1918 tractaverunt,
811 1832 905 1905 inter
927 1857 1023 1928 quos
1038 1832 1242 1930 dignissimi
1257 1850 1354 1924 sunt,

213 1952 277 2049 qui
320 1952 568 2039 nominentur,
612 1953 680 2025 viri
725 1951 915 2027 clarissimi
951 1953 1085 2049 Jahnel
1121 1970 1158 2028 et
1196 1954 1352 2031 K‘ahler.

210 2073 345 2170 Jahnel
373 2075 665 2173 disputationem
693 2075 881 2151 aditialem
912 2077 1027 2150 edidit
1055 2076 1191 2173 (Eerol.
1229 2081 1354 2175 1862),

214 2223 315 2295 quae
355 2198 579 2273 inscribitur:
629 2199 711 2292 „De
752 2199 1002 2274 conscientiae
1043 2189 1196 2273 notione
1237 2199 1358 2297 qualis

221 2320 350 2413 „suerit
384 2321 486 2417 apud
522 2337 671 2395 veteres
705 2338 743 2395 et
771 2322 872 2420 apud
902 2321 1133 2395 Christianos
1161 2348 1280 2419 usque
1309 2323 1358 2396 ad

220 2443 353 2537 „medii
405 2444 489 2518 aevi
538 2443 717 2518 exitum.'’
771 2445 977 2519 Maximam
1032 2443 1199 2542 opusculi
1250 2445 1358 2518 huius

216 2582 363 2665 partem
401 2565 556 2640 Graecis
594 2567 771 2658 tribuens,
811 2569 1007 2640 Romanos
1044 2565 1175 2640 leviter
1211 2583 1357 2641 tantum

216 2687 378 2786 attingit,
404 2705 607 2787 propterea
629 2691 743 2787 quod,
770 2707 811 2764 ut
833 2691 915 2788 ipse
932 2690 1140 2788 profitetur,
1157 2716 1202 2764 ex
1219 2691 1357 2764 Roma-

216 2837 349 2885 norum
387 2811 531 2909 scriptis
566 2811 654 2884 nihil
693 2813 793 2904 novi,
832 2838 908 2910 quo
937 2810 999 2886 illa
1028 2813 1131 2886 notio
1158 2811 1359 2886 illustretur

216 2950 281 3008 aut
304 2931 517 3031 explicetur,
544 2933 665 3007 afferri
690 2935 818 3031 possit.
845 2933 1089 3031 Quamquam
1113 2934 1241 3026 multa,
1259 2961 1357 3033 quae

213 3054 347 3152 Jahuel
389 3056 574 3147 tractavit,
614 3081 753 3154 magna
790 3055 902 3131 laude
939 3048 1189 3155 suntdigna,
1229 3073 1356 3132 tamen
1443 3081 1445 3084 ·

215 3179 426 3277 inquirenti,
466 3179 554 3276 quid
592 3179 640 3252 de
669 3180 896 3253 conscientia
923 3179 1094 3253 Romani
1118 3178 1180 3254 vel
1207 3180 1357 3278 scripse-

215 3302 288 3374 rint
312 3300 373 3402 vel
398 3302 703 3393 existimaverint,
729 3302 817 3374 mihi
840 3302 1063 3399 primoribus
1086 3318 1231 3376 tantum
1247 3302 1359 3376 labris

216 3425 315 3498 hanc
343 3449 421 3497 rem
450 3439 623 3522 gustasse
651 3424 809 3498 videtur.
953 3507 957 3516 ,

273 3549 471 3620 Praeterea
513 3546 562 3637 id,
605 3547 709 3644 quod
749 3547 797 3620 de
839 3547 972 3621 Stoicis
1011 3548 1207 3646 scripsit2),
1248 3548 1361 3622 valde

219 3696 304 3744 mea
341 3669 493 3767 quidem
531 3669 707 3767 opinione
735 3695 758 3743 a
785 3671 944 3744 veritate
972 3671 1160 3761 abhorret,
1191 3672 1293 3769 quod
1322 3688 1360 3746 et

258 3885 282 3952 1)
306 3901 329 3936 e.
346 3902 371 3951 g.
399 3885 530 3950 Amesius,
551 3885 608 3948 „De
628 3900 716 3934 conse.
736 3890 763 3934 et
781 3885 837 3934 eius
855 3885 911 3934 iure
931 3883 974 3935 vel
992 3885 1102 3935 casibus.
1122 3886 1195 3934 Libri
1214 3885 1359 3952 quinque”,

221 3975 298 4042 1660,
324 3971 484 4038 Amstelod.;
510 3970 639 4037 Staudliu,
666 3971 840 4036 „Geschichte
864 3971 910 4021 der
935 3972 1020 4022 Lehre
1043 3989 1097 4022 von
1121 3972 1181 4021 dem
1201 3972 1362 4033 Gewissen'',

222 4061 299 4128 1824,
317 4059 411 4126 Halie3
432 4057 576 4124 Hosmanu,
597 4058 657 4122 „die
675 4058 760 4108 Lehre
778 4073 830 4108 von
850 4059 909 4107 dem
929 4058 1090 4124 Gewissen'',
1109 4056 1191 4124 18663
1208 4058 1284 4123 Gasz,
1302 4059 1361 4122 „die

219 4149 305 4198 Lehre
323 4163 383 4196 vom
403 4144 566 4211 Gewissen”,
587 4143 664 4210 1869,
682 4145 788 4211 Berlin3
809 4144 922 4210 Ritschl,
942 4147 1022 4209 „iiber
1037 4145 1084 4194 das
1100 4143 1261 4210 Gewissen’',
1280 4143 1361 4210 18763

220 4235 347 4300 Schmidt,
372 4233 435 4297 „das
461 4230 622 4297 Gewissen¹’,
651 4229 727 4296 1889,
752 4231 877 4298 Leipzig3
903 4229 1067 4296 Elsenhans,
1085 4233 1199 4296 „Wesen
1224 4231 1279 4280 und
1298 4231 1360 4280 Eut·

221 4322 335 4386 stebung
361 4322 408 4370 des
436 4318 613 4384 Gewissens”,
644 4317 720 4382 1894,
748 4319 873 4383 Leipzig3
901 4318 1081 4384 Oppenheim,
1109 4319 1172 4382 „das
1200 4317 1362 4384 Gewissen”,

223 4407 299 4475 1898,
319 4406 408 4473 Base13
435 4406 557 4470 Seeberg,
578 4404 730 4469 „Gewissen
750 4403 804 4453 und
824 4404 1112 4468 Gewissensbilduug'’,
1132 4404 1263 4468 Erlaugen
1286 4403 1362 4468 1896.

256 4495 283 4558 2)
299 4493 395 4560 Jahnel
413 4509 503 4558 parum
522 4500 590 4542 recte
611 4499 687 4556 putat
706 4491 807 4541 Stoicos
826 4490 877 4540 iam
897 4492 1058 4556 aptioribus
1075 4491 1236 4557 temporibus
1252 4490 1285 4540 ad
1302 4506 1363 4540 con·

220 4582 345 4632 scientiae
363 4581 498 4630 notionem
514 4578 712 4644 significandam
729 4591 804 4643 voce,
820 4593 887 4642 quae
904 4585 943 4627 est
958 4574 1107 4645 συνείδησις,
1124 4594 1184 4628 usos
1205 4593 1262 4628 esse
1276 4579 1363 4627 notio·

219 4684 335 4735 nemque
354 4660 530 4717 conscientiae
550 4683 565 4716 a
584 4666 679 4716 Stoicis
698 4681 753 4714 esse
774 4665 917 4714 formatam.
