3576 5650
186 788 248 862 ad.
281 787 368 862 Nat.
406 810 435 859 1.
473 792 529 859 16.

295 910 440 982 Incerta
467 923 593 982 vestra
621 921 702 980 tota
730 904 822 981 caeli
850 906 1076 980 conscientia
1104 907 1284 981 fruuntur.

186 1033 236 1106 de
265 1031 338 1105 An.
375 1036 432 1105 18.

295 1156 398 1252 (Res,
425 1154 535 1252 quae)
557 1153 679 1230 absint
698 1151 812 1251 longe
837 1179 860 1226 a
881 1153 1069 1227 communi
1090 1153 1326 1227 conscientia.

660 1337 857 1348 ἡ.-

268 1431 320 1504 Il
346 1431 578 1506 Conscientia
601 1471 640 1496 =
656 1433 821 1520 scientia,
852 1432 1044 1518 memoria,
1077 1431 1247 1529 cognitio.
1279 1425 1282 1432 ’

372 1700 374 1705 Ι
415 1599 498 1701 (cui
523 1600 751 1700 signficatz'o
779 1601 941 1675 moralis
969 1599 1094 1700 deest).

189 1770 266 1843 Cic.
299 1771 358 1843 ad.
390 1770 437 1864 Q.
468 1771 528 1845 Fr.
562 1795 594 1844 2.
631 1796 687 1864 14.
722 1796 754 1844 2.

299 1893 388 1966 Mea
418 1893 643 1967 conscientia
672 1893 864 1990 copiarum
893 1908 1114 1967 nostrarum.

190 2016 271 2089 Liv.
304 2019 337 2088 8.
369 2042 404 2109 4.

297 2138 376 2211 Nisi
405 2164 427 2212 a
456 2139 681 2213 conscientia
710 2139 852 2212 virium.

190 2261 272 2335 Liv.
306 2287 338 2355 3.
372 2268 433 2334 60.

299 2384 373 2458 Ubi
416 2382 464 2456 illi
505 2409 552 2458 ex
594 2383 833 2476 conscientia,
876 2384 965 2481 quid
1003 2375 1154 2457 abes'set
1185 2381 1329 2457 virium.

858 2507 1039 2605 (sequitur
1068 2506 1329 2604 enuntiatum).

191 2629 282 2704 Plin.
314 2628 403 2703 Nat.
436 2629 487 2703 H.
520 2653 580 2724 33.
617 2656 675 2704 12.

299 2752 352 2826 Ut
381 2750 417 2825 in
442 2778 575 2826 somno
599 2778 751 2851 quoque
775 2753 953 2827 unionum
974 2752 1200 2827 conscientia
1223 2753 1331 2827 adsit.
1437 2784 1441 2792 ·

191 2876 280 2949 Nat.
312 2875 363 2948 H.
396 2896 456 2970 37.
487 2900 549 2968 49.

299 2998 338 3069 In
367 2997 503 3070 sucinis
531 2996 613 3072 sola
642 2996 857 3072 deliciarum
888 2998 1115 3073 conscientia
1143 2997 1277 3097 placet.

189 3119 281 3192 Tac.
314 3118 412 3192 Hist.
449 3145 479 3194 1.
513 3143 546 3214 5.

298 3241 365 3315 Set
393 3243 565 3340 quamvis
600 3244 722 3341 eapite
750 3243 968 3317 defectionis
997 3242 1125 3318 ablato
1155 3243 1333 3317 manebat

299 3362 485 3462 plerisque
523 3364 680 3439 militum
709 3366 948 3457 conscientia,
979 3391 1047 3439 nee
1075 3367 1232 3440 deerant
1260 3391 1333 3439 ser·

299 3512 431 3562 mones
467 3489 610 3562 senium
648 3504 764 3586 atque
802 3489 998 3563 avaritiam
1037 3487 1184 3562 Galbae
1221 3489 1335 3563 incre·

299 3610 479 3706 pantium.

192 3730 293 3806 Flor.
327 3757 359 3806 2.
397 3759 453 3807 12.

299 3855 425 3928 Nemo
467 3876 599 3951 regum
645 3855 781 3929 diutius
832 3855 993 3929 amissae
1035 3856 1207 3929 fortunae
1249 3880 1333 3928 con·

298 3978 490 4051 scientiam
519 3978 678 4051 retinuit.

192 4098 277 4175 Val.
309 4101 410 4174 Max.
445 4125 477 4173 2.
511 4124 545 4194 3.

300 4223 402 4296 Civis
425 4221 563 4320 alioqui
587 4223 809 4321 magnificus
838 4224 905 4297 sed
934 4222 1112 4297 novitatis
1135 4247 1226 4295 suae
1250 4246 1335 4294 eon-

300 4346 453 4419 scientia
480 4345 659 4419 vetustati
689 4370 763 4420 non
793 4345 985 4443 propitius,

192 4467 347 4564 Quintil.
379 4466 485 4542 Decl.
519 4467 609 4542 Mai.
644 4474 677 4541 6.
715 4474 771 4541 16.

301 4591 342 4664 In
371 4606 449 4664 tam
477 4592 579 4664 bona
607 4591 796 4665 caecitatis
824 4591 1063 4665 conscientia.
