3576 5650
441 795 530 870 Luc.
643 855 651 872 .

548 817 649 994 liiii
670 934 781 995 vetus
805 918 865 996 ille
890 919 988 995 Cato
1008 916 1120 1008 <illa>
1137 917 1330 997 lacessisse
1351 922 1402 995 ad
1425 919 1581 1014 scelera,

812 1043 941 1142 inquit,
971 1043 1139 1118 conscius
1169 1069 1244 1119 non
1274 1061 1355 1120 erat
1383 1044 1462 1142 ipse
1489 1044 1583 1120 sibi?

441 1149 530 1224 Luc.
567 1175 677 1246 1344.

547 1273 650 1348 Dum
679 1273 781 1348 mimi
809 1274 988 1350 conscius.

441 1394 549 1472 Lucr.
583 1421 617 1491 3.
653 1401 763 1472 1018.

548 1517 659 1612 Quae
693 1533 821 1593 tamen
849 1519 919 1593 etsi
946 1519 1095 1612 absunt,
1134 1535 1175 1594 at
1204 1543 1310 1593 mens
1336 1518 1405 1594 sibi
1433 1517 1583 1592 conscia

547 1638 663 1714 lactis.

548 1761 974 1868 Praemetuensadhibet
983 1763 1164 1858 stimulos,
1176 1779 1402 1862 torquetque
1412 1759 1581 1861 flagellis.

549 1909 585 1979 4·
623 1908 733 1982 1¹35·

549 2007 604 2082 At
628 2034 744 2106 quum
768 2009 937 2084 conscius
956 2009 1035 2107 ipse
1050 2009 1199 2084 animus
1215 2035 1256 2084 se
1271 2009 1367 2084 sorte
1381 2008 1579 2083 remordet.

550 2137 585 2206 6·
617 2156 704 2228 393·

549 2254 599 2328 Et
625 2253 750 2352 potius
779 2251 879 2329 nulla
907 2255 975 2329 sibi
1003 2255 1100 2352 turpi
1128 2254 1296 2329 conscius
1324 2253 1360 2328 in
1388 2278 1429 2327 re

548 2374 723 2451 Volvitur
749 2377 785 2450 in
814 2376 979 2452 flammis
1006 2377 1190 2453 innoxius.

444 2497 527 2573 Cat.
560 2506 621 2594 65.
656 2524 716 2592 24.

551 2622 650 2696 Huic
678 2638 807 2698 manat
835 2622 927 2697 tristi
957 2623 1125 2697 conscius
1152 2648 1218 2698 ore
1246 2622 1369 2697 rubor.

767 2747 819 2844 (z
835 2744 1131 2840 schuldbewust3
1161 2744 1355 2820 translatio
1382 2743 1530 2841 poetica
1545 2744 1582 2841 1).
1703 2781 1709 2790 ·

442 2865 557 2966 Verg.
589 2869 686 2943 Aen.
724 2892 754 2960 1,
786 2874 874 2962 603,
907 2873 994 2962 604.

549 2990 599 3064 Di
636 2991 715 3083 tibi,
753 2991 782 3064 si
812 3016 887 3088 qua
915 2990 997 3087 pios
1027 3005 1241 3088 respectant
1269 2989 1433 3082 numina,
1462 2988 1584 3086 siquid

550 3112 722 3211 Usquam
750 3113 887 3187 iustitia
915 3128 973 3187 est
1001 3128 1040 3186 et
1069 3137 1175 3186 mens
1205 3113 1274 3186 sibi
1302 3111 1449 3186 conscia
1478 3111 1581 3184 recti.

1201 3233 1581 3332 (rechtsbewustzijn).

444 3342 541 3416 Aen.
575 3367 608 3416 2.
644 3367 728 3436 141.

551 3463 666 3558 Quod
704 3479 743 3537 te
779 3490 847 3561 per
882 3490 1038 3562 superos
1075 3479 1112 3539 et
1149 3465 1298 3539 conscia
1326 3464 1478 3538 numina
1505 3464 1583 3538 veri
1646 3559 1651 3568 Ι

551 3584 633 3677 Per,
671 3586 701 3660 si
738 3612 814 3684 qua
844 3603 913 3676 est,
944 3613 1042 3686 quae
1070 3603 1187 3662 restat
1214 3589 1336 3663 adhuc
1365 3585 1583 3663 mortalibus

1424 3735 1582 3808 usquam

552 3830 779 3907 Intemerata
807 3832 913 3925 fides,
944 3858 1022 3924 oro,
1053 3833 1228 3909 miserere
1256 3832 1437 3908 laborum.

444 3953 543 4030 Aen.
577 3979 609 4028 2.
641 3980 703 4049 99.

551 4078 704 4171 Quaere
732 4078 902 4152 conscius
929 4102 1046 4151 arma.

444 4197 518 4272 Ov.
548 4198 667 4295 Epist.
699 4199 791 4273 Her.
825 4224 885 4291 21,
916 4220 978 4295 47.

437 4411 633 4423 —t———n-

482 4551 507 4620 ι)
532 4550 647 4602 Bthreus
675 4551 736 4601 huic
767 4552 826 4602 loco
860 4553 980 4604 adnotat:
1013 4554 1190 4622 translatione,
1224 4555 1310 4620 poetis
1337 4571 1469 4622 concessa,
1496 4556 1583 4623 rubor,

443 4639 489 4703 qui
508 4654 540 4688 ex
558 4637 626 4688 mala
644 4633 805 4690 conscientia
823 4641 937 4709 profluit,
956 4641 1051 4692 dicitur
1070 4642 1198 4693 conscius.
