3576 5650
987 599 1039 670 40

444 792 556 868 Mart.
587 791 716 889 Epigr.
752 813 811 865 ιο.
842 809 876 883 5.
913 791 969 862 18.

547 914 608 1006 Et,
638 938 722 988 cum
750 911 856 986 lateri
886 911 998 985 Furia
1027 910 1171 985 iusserit
1198 937 1330 986 verum

547 1037 735 1111 Prodente
763 1032 900 1109 clamet
929 1034 1158 1109 conscientia
1191 1034 1379 1132 „scripsi''.

438 1160 531 1257 Just.
564 1185 625 1254 31.
657 1183 693 1253 4.

549 1284 713 1380 Purgare
741 1278 929 1380 publicam
958 1280 1236 1356 conscientiam.

441 1405 543 1481 Tert.
573 1403 688 1504 Apol.
718 1432 754 1498 9.

551 1586 638 1603 ....
668 1527 769 1627 apud
797 1525 1043 1600 conscientias
1071 1523 1228 1624 pulsem.

441 1649 554 1750 Apol.
592 1675 648 1725 10.

550 1770 800 1871 Appellamus
835 1795 858 1843 a
895 1769 1004 1845 vobis
1030 1769 1080 1844 ad
1109 1771 1374 1845 conscientiam
1403 1786 1583 1845 vestram.

548 1894 616 1969 Illa
644 1920 713 1969 nos
742 1894 889 1984 iudicet,
920 1890 981 1966 illa
1010 1918 1079 1966 nos
1107 1893 1273 1967 damnet.

441 2015 556 2117 Apol.
591 2042 650 2092 21.

547 2140 597 2214 Et
626 2141 706 2238 ipse
735 2163 804 2237 pro
833 2163 902 2212 sua
931 2138 1156 2212 conscientia
1187 2137 1426 2212 Christianus

441 2261 555 2362 Apol.
590 2285 650 2359 27.
1238 2349 1242 2358 Ι

548 2387 666 2485 Igitur
707 2383 902 2482 provocati
942 2383 991 2456 ad
1033 2383 1316 2457 sacrificandum
1359 2384 1585 2458 obstruimus

547 2508 706 2607 gradum
735 2531 805 2604 pro
834 2505 908 2580 fide
932 2505 1182 2580 conscientiae
1211 2520 1373 2596 nostrae,
1396 2531 1472 2603 qua
1494 2506 1585 2580 certi

547 2656 687 2722 sumus,
717 2629 766 2703 ad
795 2654 890 2727 quos
917 2628 987 2702 ista
1014 2628 1236 2726 perveniant
1263 2627 1397 2702 officia.

443 2753 491 2827 de
521 2753 586 2827 Or.
623 2778 681 2848 13.

550 2875 631 2950 Nisi
668 2874 719 2948 ob
748 2871 902 2970 aliquod
930 2872 1223 2946 conversationis
1251 2872 1439 2946 humanae
1468 2873 1585 2972 inqui-

548 3013 765 3072 namentum
795 2995 1043 3070 conscientiae
1071 3020 1184 3069 causa
1214 2993 1395 3069 lavemus.

440 3122 489 3197 de
519 3121 585 3196 Or.
621 3145 678 3214 14.

550 3244 662 3318 Certe
699 3268 833 3317 manus
868 3241 947 3315 eius
975 3239 1150 3338 (Israelis)
1179 3266 1328 3337 semper
1355 3240 1583 3327 immundae,

548 3366 731 3461 sanguine
768 3365 1036 3462 prophetarum
1073 3380 1111 3438 et
1138 3363 1253 3461 ipsius
1281 3363 1420 3436 domini
1447 3363 1586 3435 incrus-

549 3503 653 3561 tatae
680 3487 716 3559 in
746 3502 960 3560 aeternum:
990 3500 1029 3560 et
1056 3486 1142 3560 ideo
1175 3486 1401 3580 conscientia
1434 3501 1585 3582 patrum

549 3608 761 3683 hereditarii
797 3609 849 3684 rei
883 3634 951 3683 nec
993 3607 1166 3684 attollere
1202 3635 1267 3682 eas
1305 3608 1354 3683 ad
1390 3608 1585 3682 dominum

550 3733 702 3807 audent.

442 3855 491 3930 de
520 3855 586 3930 Or.
620 3879 680 3929 22.

549 3977 661 4073 Quae
698 4002 739 4052 se
776 3977 890 4051 ctiam
928 3976 1093 4075 virgines
1131 4001 1273 4074 negare
1310 4001 1385 4050 non
1414 3991 1583 4074 possunt,

548 4101 714 4175 concedo
752 4099 854 4174 abuti
891 4099 927 4173 in
961 4099 1064 4173 fama
1100 4123 1168 4172 sua
1204 4097 1453 4171 conscientiae
1481 4099 1584 4196 apud

547 4223 659 4296 deum
697 4221 907 4297 securitate.
946 4223 1007 4294 De
1043 4218 1112 4294 illis
1140 4236 1280 4313 tamen,
1310 4245 1408 4317 quae
1437 4220 1585 4318 sponsis

548 4344 718 4419 dicantur
735 4404 742 4420 .
762 4405 769 4418 .
788 4403 822 4419 ..
853 4343 1095 4443 pronuntiare
1124 4342 1401 4440 contestarique
1429 4369 1585 4440 possum

547 4465 730 4542 velandas
758 4493 805 4542 ex
837 4493 884 4541 ea
918 4467 980 4542 die
1017 4492 1112 4560 esse,
1145 4491 1221 4564 qua
1248 4466 1299 4539 ad
1328 4466 1488 4563 primum
1514 4465 1585 4539 viri

549 4615 684 4691 corpus
707 4589 840 4665 ‚osculo
869 4606 907 4665 et
936 4591 1089 4664 dextera
1118 4588 1350 4689 expaverint.
1376 4586 1516 4662 Omnia
1546 4588 1585 4662 in
