3576 5650
736 619 780 695 17

188 813 238 887 de
265 814 339 887 An.
371 837 433 906 41.

296 934 534 1010 Conscientia
575 934 634 1008 dei
676 933 712 1007 in
755 934 1008 1010 testimonium
1047 938 1171 1035 prodit
1213 925 1327 1030 „deus'

294 1057 439 1133 bonus''
470 1072 508 1132 et
540 1057 654 1151 „deus
682 1056 809 1131 videt''
840 1074 878 1132 et
912 1059 1006 1153 „deo
1034 1057 1296 1135 commendo.''

185 1433 262 1505 Ill
298 1431 527 1505 Conscientia
563 1431 589 1504 i.
625 1458 659 1529 q.
698 1432 910 1532 bewastaaja
949 1433 1005 1528 (a'a
1039 1443 1164 1530 prava
1187 1432 1323 1530 factis)

301 1554 394 1629 adia.
418 1579 503 1652 gea.
533 1579 605 1628 cas.
634 1557 696 1628 ael
717 1554 845 1630 adieci.
875 1557 937 1629 val
959 1557 1208 1630 enuntiatam.
1267 1618 1269 1621 .

188 1741 300 1816 Caes,
330 1740 365 1812 d.
396 1739 438 1812 B.
469 1737 517 1812 G.
550 1761 584 1833 5.
616 1745 677 1834 56.

296 1860 430 1936 Altera
451 1886 499 1935 ex
515 1878 623 1959 parte
639 1861 824 1937 Carnutes
838 1863 1085 1961 Senonesque
1100 1865 1326 1939 conscientia

295 1983 443 2059 sceleris
471 1984 667 2082 instigari.

189 2093 287 2168 Hirt.
316 2094 352 2166 d.
384 2092 424 2165 B.
456 2091 503 2165 G.
536 2096 570 2166 8.
603 2095 663 2186 38.

296 2216 411 2310 Quod
442 2214 641 2312 praecipue
674 2241 740 2289 eos
768 2231 921 2314 propter
949 2217 1212 2291 conscientiam
1240 2217 1328 2291 facti

297 2340 429 2411 timere
457 2337 793 2413 animadvertebat.

189 2462 232 2536 B.
260 2461 339 2534 Asr.
374 2464 433 2533 28.

296 2585 454 2680 Propter
481 2583 746 2656 conscientiam
776 2598 1028 2682 peccatorum.

67 2739 74 2749 ·
188 2704 278 2781 Sall.
310 2706 350 2779 B.
381 2705 466 2781 Cat.
493 2726 527 2799 5.

298 2829 565 2928 Agitabatur.
586 2889 593 2902 .
613 2888 646 2902 ..
677 2829 903 2904 conscientia
930 2828 1123 2904 scelerum.

190 2954 232 3027 B.
264 2952 347 3025 Cat.
381 2974 441 3045 35.

297 3074 599 3148 Satissactionem
640 3101 687 3148 ex
729 3073 829 3149 nulla
870 3076 1096 3150 conscientia
1137 3077 1180 3150 a'a
1221 3074 1330 3174 culpa

298 3221 509 3294 proponere
538 3197 686 3270 decrevi
701 3197 738 3294 1).

192 3324 233 3397 B.
265 3321 345 3418 lug.
380 3340 439 3414 27.
472 3343 507 3413 3.

298 3444 375 3517 Sed
404 3442 467 3516 ubi
496 3458 648 3516 senatus
678 3441 800 3517 delicti
829 3443 1056 3517 conscientia
1084 3443 1200 3517 timet.

193 3567 291 3642 Hist.
321 3566 363 3639 fr.
399 3591 429 3639 1.
463 3586 522 3660 77.

299 3687 490 3762 Scelerum
518 3689 745 3763 conscientia
773 3690 971 3787 exagitati.

195 3813 292 3887 Hist.
323 3812 365 3885 fr.
399 3836 431 3885 2.
464 3815 525 3907 87.

302 3935 378 4008 Sed
406 3935 633 4008 conscientia
660 3960 842 4009 noxarum
871 3943 1042 4008 metuere.

195 4060 302 4132 Verr.
336 4084 367 4131 2.
405 4063 489 4149 189.

304 4180 410 4254 Illum
436 4196 537 4254 metu
561 4180 862 4277 conscientiaque
886 4178 1028 4275 peccati
1053 4185 1199 4251 matam
1220 4191 1335 4274 atque

302 4304 562 4377 exanimatam
591 4328 636 4376 ac
664 4303 726 4376 vix
754 4305 879 4375 vanam
909 4299 1091 4398 relinquo

208 4520 355 4530 --....—

236 4664 261 4729 1)
280 4659 313 4710 cf.
332 4659 387 4709 Cic.
408 4659 463 4707 Att.
482 4670 507 4706 2.
527 4669 574 4720 24:
596 4656 662 4721 „His
681 4655 806 4704 derebus
824 4653 958 4704 conscium
977 4669 1033 4704 esse
1053 4653 1204 4704 Pisonem'’.
1284 4652 1292 4664 ⁰

1171 4769 1187 4805 2
