<?xml version="1.0" encoding="UTF-8"?>
<!DOCTYPE html PUBLIC "-//W3C//DTD XHTML 1.0 Transitional//EN"
    "http://www.w3.org/TR/xhtml1/DTD/xhtml1-transitional.dtd">
<html xmlns="http://www.w3.org/1999/xhtml" xml:lang="en" lang="en">
 <head>
  <title>
</title>
<meta http-equiv="Content-Type" content="text/html;charset=utf-8" />
  <meta name='ocr-system' content='tesseract 3.04.00' />
  <meta name='ocr-capabilities' content='ocr_page ocr_carea ocr_par ocr_line ocrx_word'/>
</head>
<body>
  <div class='ocr_page' id='page_1' title='image "./dieconscientiae00muldgoog_0139.png"; bbox 0 0 3528 5644; ppageno 0'>
   <div class='ocr_carea' id='block_1_1' title="bbox 981 571 1141 648">
    <p class='ocr_par' dir='ltr' id='par_1_1' title="bbox 981 571 1141 648">
     <span class='ocr_line' id='line_1_1' title="bbox 981 571 1141 648; baseline 0.013 -27"><span class='ocrx_word' id='word_1_1' title='bbox 981 571 1055 624; x_wconf 89' lang='lat'>120</span> <span class='ocrx_word' id='word_1_2' title='bbox 1137 639 1141 648; x_wconf 83' lang='lat'>.</span> 
     </span>
    </p>
   </div>
   <div class='ocr_carea' id='block_1_2' title="bbox 366 759 1602 3808">
    <p class='ocr_par' dir='ltr' id='par_1_2' title="bbox 449 759 1591 1227">
     <span class='ocr_line' id='line_1_2' title="bbox 505 759 1590 859; baseline 0 -25"><span class='ocrx_word' id='word_1_3' title='bbox 505 759 789 854; x_wconf 82' lang='lat' dir='ltr'>„Conscientiae</span> <span class='ocrx_word' id='word_1_4' title='bbox 830 760 927 835; x_wconf 90' lang='lat' dir='ltr'>enim</span> <span class='ocrx_word' id='word_1_5' title='bbox 969 759 1083 859; x_wconf 87' lang='lat' dir='ltr'>pax,&#39;&#39;</span> <span class='ocrx_word' id='word_1_6' title='bbox 1121 760 1240 859; x_wconf 90' lang='lat' dir='ltr'>inquit</span> <span class='ocrx_word' id='word_1_7' title='bbox 1275 760 1450 836; x_wconf 87' lang='lat' dir='ltr'>Amesius</span> <span class='ocrx_word' id='word_1_8' title='bbox 1490 786 1590 853; x_wconf 87' lang='lat' dir='ltr'>„non</span> 
     </span>
     <span class='ocr_line' id='line_1_3' title="bbox 449 884 1588 982; baseline -0.002 -24"><span class='ocrx_word' id='word_1_9' title='bbox 449 884 616 982; x_wconf 82' lang='lat' dir='ltr'><strong>„pendet</strong></span> <span class='ocrx_word' id='word_1_10' title='bbox 665 910 712 958; x_wconf 89' lang='lat' dir='ltr'>ex</span> <span class='ocrx_word' id='word_1_11' title='bbox 763 884 1004 958; x_wconf 88' lang='lat' dir='ltr'>observantia</span> <span class='ocrx_word' id='word_1_12' title='bbox 1055 899 1119 959; x_wconf 87' lang='lat' dir='ltr'>aut</span> <span class='ocrx_word' id='word_1_13' title='bbox 1167 884 1407 958; x_wconf 84' lang='lat' dir='ltr'>oboedientia</span> <span class='ocrx_word' id='word_1_14' title='bbox 1448 897 1588 973; x_wconf 86' lang='lat' dir='ltr'>nostra,</span> 
     </span>
     <span class='ocr_line' id='line_1_4' title="bbox 450 1005 1591 1105; baseline 0.001 -26"><span class='ocrx_word' id='word_1_15' title='bbox 450 1022 669 1104; x_wconf 80' lang='lat' dir='ltr'>„tamquam</span> <span class='ocrx_word' id='word_1_16' title='bbox 706 1031 753 1080; x_wconf 88' lang='lat' dir='ltr'>ex</span> <span class='ocrx_word' id='word_1_17' title='bbox 785 1032 899 1080; x_wconf 87' lang='lat' dir='ltr'>causa</span> <span class='ocrx_word' id='word_1_18' title='bbox 927 1005 1130 1105; x_wconf 85' lang='lat' dir='ltr'>principali,</span> <span class='ocrx_word' id='word_1_19' title='bbox 1160 1007 1227 1081; x_wconf 93' lang='lat' dir='ltr'>sed</span> <span class='ocrx_word' id='word_1_20' title='bbox 1257 1033 1304 1081; x_wconf 89' lang='lat' dir='ltr'>ex</span> <span class='ocrx_word' id='word_1_21' title='bbox 1332 1005 1591 1081; x_wconf 89' lang='lat' dir='ltr'>iustificatione</span> 
     </span>
     <span class='ocr_line' id='line_1_5' title="bbox 451 1127 1590 1227; baseline 0 -24"><span class='ocrx_word' id='word_1_22' title='bbox 451 1127 548 1222; x_wconf 66' lang='lat' dir='ltr'>„illa</span> <span class='ocrx_word' id='word_1_23' title='bbox 574 1155 687 1227; x_wconf 91' lang='lat' dir='ltr'>quam</span> <span class='ocrx_word' id='word_1_24' title='bbox 712 1129 896 1203; x_wconf 92' lang='lat' dir='ltr'>habemus</span> <span class='ocrx_word' id='word_1_25' title='bbox 920 1129 956 1203; x_wconf 94' lang='lat' dir='ltr'>in</span> <span class='ocrx_word' id='word_1_26' title='bbox 977 1129 1165 1204; x_wconf 82' lang='lat' dir='ltr'>Christo.”</span> <span class='ocrx_word' id='word_1_27' title='bbox 1187 1130 1331 1227; x_wconf 74' lang='lat' dir='ltr'>(Amce.</span> <span class='ocrx_word' id='word_1_28' title='bbox 1353 1156 1388 1203; x_wconf 94' lang='grc' dir='ltr'>ο.</span> <span class='ocrx_word' id='word_1_29' title='bbox 1401 1128 1423 1204; x_wconf 91' lang='lat' dir='ltr'>l.</span> <span class='ocrx_word' id='word_1_30' title='bbox 1436 1156 1472 1226; x_wconf 90' lang='lat' dir='ltr'>p.</span> <span class='ocrx_word' id='word_1_31' title='bbox 1491 1129 1590 1226; x_wconf 83' lang='lat'>118).</span> 
     </span>
    </p>

    <p class='ocr_par' dir='ltr' id='par_1_3' title="bbox 450 1252 1592 1473">
     <span class='ocr_line' id='line_1_6' title="bbox 504 1252 1592 1346; baseline 0.001 -22"><span class='ocrx_word' id='word_1_32' title='bbox 504 1252 709 1346; x_wconf 82' lang='lat' dir='ltr'>Quomodo</span> <span class='ocrx_word' id='word_1_33' title='bbox 743 1252 993 1327; x_wconf 89' lang='lat' dir='ltr'>conscientiae</span> <span class='ocrx_word' id='word_1_34' title='bbox 1022 1253 1125 1326; x_wconf 93' lang='lat' dir='ltr'>notio</span> <span class='ocrx_word' id='word_1_35' title='bbox 1155 1252 1291 1327; x_wconf 89' lang='lat' dir='ltr'>Christi</span> <span class='ocrx_word' id='word_1_36' title='bbox 1320 1252 1489 1327; x_wconf 85' lang='lat' dir='ltr'>doctrina</span> <span class='ocrx_word' id='word_1_37' title='bbox 1517 1277 1592 1326; x_wconf 91' lang='lat' dir='ltr'>am·</span> 
     </span>
     <span class='ocr_line' id='line_1_7' title="bbox 450 1373 1340 1473; baseline 0.002 -25"><span class='ocrx_word' id='word_1_38' title='bbox 450 1373 614 1473; x_wconf 89' lang='lat' dir='ltr'>plificata</span> <span class='ocrx_word' id='word_1_39' title='bbox 641 1374 700 1466; x_wconf 86' lang='lat' dir='ltr'>sit,</span> <span class='ocrx_word' id='word_1_40' title='bbox 730 1400 777 1448; x_wconf 88' lang='lat' dir='ltr'>ex</span> <span class='ocrx_word' id='word_1_41' title='bbox 806 1373 1024 1467; x_wconf 84' lang='lat' dir='ltr'>Tertulliani</span> <span class='ocrx_word' id='word_1_42' title='bbox 1053 1375 1196 1472; x_wconf 89' lang='lat' dir='ltr'>scriptis</span> <span class='ocrx_word' id='word_1_43' title='bbox 1224 1390 1340 1472; x_wconf 93' lang='lat' dir='ltr'>patet.</span> 
     </span>
    </p>

    <p class='ocr_par' dir='ltr' id='par_1_4' title="bbox 451 1494 1594 2080">
     <span class='ocr_line' id='line_1_8' title="bbox 504 1494 1593 1596; baseline 0.003 -27"><span class='ocrx_word' id='word_1_44' title='bbox 504 1497 666 1570; x_wconf 90' lang='lat' dir='ltr'>Primum</span> <span class='ocrx_word' id='word_1_45' title='bbox 690 1494 751 1570; x_wconf 93' lang='lat' dir='ltr'>illa</span> <span class='ocrx_word' id='word_1_46' title='bbox 776 1497 929 1572; x_wconf 89' lang='lat' dir='ltr'>notione</span> <span class='ocrx_word' id='word_1_47' title='bbox 953 1523 1000 1571; x_wconf 91' lang='lat' dir='ltr'>eo</span> <span class='ocrx_word' id='word_1_48' title='bbox 1018 1499 1133 1572; x_wconf 94' lang='lat' dir='ltr'>modo</span> <span class='ocrx_word' id='word_1_49' title='bbox 1143 1498 1267 1588; x_wconf 86' lang='lat' dir='ltr'>utitur,</span> <span class='ocrx_word' id='word_1_50' title='bbox 1284 1523 1360 1596; x_wconf 90' lang='lat' dir='ltr'>quo</span> <span class='ocrx_word' id='word_1_51' title='bbox 1375 1512 1414 1572; x_wconf 91' lang='lat' dir='ltr'>et</span> <span class='ocrx_word' id='word_1_52' title='bbox 1429 1498 1593 1572; x_wconf 88' lang='lat' dir='ltr'>Romani</span> 
     </span>
     <span class='ocr_line' id='line_1_9' title="bbox 451 1618 1594 1716; baseline -0.001 -23"><span class='ocrx_word' id='word_1_53' title='bbox 451 1619 593 1716; x_wconf 87' lang='lat' dir='ltr'>antiqui</span> <span class='ocrx_word' id='word_1_54' title='bbox 630 1644 676 1692; x_wconf 93' lang='lat' dir='ltr'>ea</span> <span class='ocrx_word' id='word_1_55' title='bbox 712 1618 767 1692; x_wconf 91' lang='lat' dir='ltr'>usi</span> <span class='ocrx_word' id='word_1_56' title='bbox 796 1635 900 1707; x_wconf 88' lang='lat' dir='ltr'>sunt,</span> <span class='ocrx_word' id='word_1_57' title='bbox 937 1634 977 1693; x_wconf 90' lang='lat' dir='ltr'>ut</span> <span class='ocrx_word' id='word_1_58' title='bbox 1005 1620 1051 1693; x_wconf 91' lang='lat' dir='ltr'>sit</span> <span class='ocrx_word' id='word_1_59' title='bbox 1080 1620 1232 1694; x_wconf 89' lang='lat' dir='ltr'>scientia</span> <span class='ocrx_word' id='word_1_60' title='bbox 1260 1620 1443 1694; x_wconf 91' lang='lat' dir='ltr'>sactorum</span> <span class='ocrx_word' id='word_1_61' title='bbox 1472 1634 1511 1694; x_wconf 92' lang='lat' dir='ltr'>et</span> <span class='ocrx_word' id='word_1_62' title='bbox 1537 1618 1594 1693; x_wconf 91' lang='lat' dir='ltr'>vis</span> 
     </span>
     <span class='ocr_line' id='line_1_10' title="bbox 452 1739 1593 1841; baseline 0 -26"><span class='ocrx_word' id='word_1_63' title='bbox 452 1739 603 1815; x_wconf 88' lang='lat' dir='ltr'>moralis</span> <span class='ocrx_word' id='word_1_64' title='bbox 640 1767 686 1815; x_wconf 85' lang='lat' dir='ltr'>ex</span> <span class='ocrx_word' id='word_1_65' title='bbox 722 1739 784 1815; x_wconf 94' lang='lat' dir='ltr'>illa</span> <span class='ocrx_word' id='word_1_66' title='bbox 819 1741 1079 1839; x_wconf 84' lang='lat' dir='ltr'>proficiscens3</span> <span class='ocrx_word' id='word_1_67' title='bbox 1118 1769 1150 1817; x_wconf 92' lang='lat' dir='ltr'>e.</span> <span class='ocrx_word' id='word_1_68' title='bbox 1176 1769 1214 1841; x_wconf 87' lang='lat' dir='ltr'>g.</span> <span class='ocrx_word' id='word_1_69' title='bbox 1244 1744 1347 1818; x_wconf 85' lang='lat' dir='ltr'>Tert.</span> <span class='ocrx_word' id='word_1_70' title='bbox 1378 1740 1491 1841; x_wconf 88' lang='lat' dir='ltr'>Apol.</span> <span class='ocrx_word' id='word_1_71' title='bbox 1527 1767 1593 1816; x_wconf 93' lang='lat'>10:</span> 
     </span>
     <span class='ocr_line' id='line_1_11' title="bbox 454 1862 1594 1962; baseline 0.001 -24"><span class='ocrx_word' id='word_1_72' title='bbox 454 1862 728 1962; x_wconf 81' lang='lat' dir='ltr'>„Appellamus</span> <span class='ocrx_word' id='word_1_73' title='bbox 757 1888 787 1938; x_wconf 51' lang='lat' dir='ltr'>a¹</span> <span class='ocrx_word' id='word_1_74' title='bbox 808 1864 916 1938; x_wconf 92' lang='lat' dir='ltr'>vobis</span> <span class='ocrx_word' id='word_1_75' title='bbox 944 1865 993 1939; x_wconf 94' lang='lat' dir='ltr'>ad</span> <span class='ocrx_word' id='word_1_76' title='bbox 1022 1864 1287 1940; x_wconf 88' lang='lat' dir='ltr'>conscientiam</span> <span class='ocrx_word' id='word_1_77' title='bbox 1316 1881 1495 1941; x_wconf 89' lang='lat' dir='ltr'>vestram.</span> <span class='ocrx_word' id='word_1_78' title='bbox 1527 1862 1594 1939; x_wconf 93' lang='lat' dir='ltr'>Illa</span> 
     </span>
     <span class='ocr_line' id='line_1_12' title="bbox 455 1985 1131 2080; baseline 0.004 -20"><span class='ocrx_word' id='word_1_79' title='bbox 455 2013 549 2079; x_wconf 80' lang='lat' dir='ltr'>„nos</span> <span class='ocrx_word' id='word_1_80' title='bbox 576 1987 723 2080; x_wconf 78' lang='lat' dir='ltr'>iudicet,</span> <span class='ocrx_word' id='word_1_81' title='bbox 752 1985 814 2061; x_wconf 89' lang='lat' dir='ltr'>illa</span> <span class='ocrx_word' id='word_1_82' title='bbox 842 2013 911 2061; x_wconf 94' lang='lat' dir='ltr'>nos</span> <span class='ocrx_word' id='word_1_83' title='bbox 939 1987 1131 2063; x_wconf 82' lang='lat' dir='ltr'>damnet.&#39;&#39;</span> 
     </span>
    </p>

    <p class='ocr_par' dir='ltr' id='par_1_5' title="bbox 454 2109 1597 2454">
     <span class='ocr_line' id='line_1_13' title="bbox 508 2109 1597 2209; baseline 0.001 -26"><span class='ocrx_word' id='word_1_84' title='bbox 508 2110 747 2184; x_wconf 88' lang='lat' dir='ltr'>Conscientia</span> <span class='ocrx_word' id='word_1_85' title='bbox 801 2135 905 2202; x_wconf 84' lang='lat' dir='ltr'>ver0‚</span> <span class='ocrx_word' id='word_1_86' title='bbox 962 2110 1232 2209; x_wconf 89' lang='lat' dir='ltr'>poenitentiam</span> <span class='ocrx_word' id='word_1_87' title='bbox 1277 2109 1504 2208; x_wconf 86' lang='lat' dir='ltr'>amplexata,</span> <span class='ocrx_word' id='word_1_88' title='bbox 1555 2125 1597 2184; x_wconf 93' lang='lat' dir='ltr'>ut</span> 
     </span>
     <span class='ocr_line' id='line_1_14' title="bbox 454 2231 1596 2330; baseline 0 -23"><span class='ocrx_word' id='word_1_89' title='bbox 454 2231 715 2323; x_wconf 67' lang='lat' dir='ltr'>Tertullianus</span> <span class='ocrx_word' id='word_1_90' title='bbox 739 2235 1013 2309; x_wconf 89' lang='lat' dir='ltr'>contortissimo</span> <span class='ocrx_word' id='word_1_91' title='bbox 1038 2234 1183 2308; x_wconf 90' lang='lat' dir='ltr'>dicendi</span> <span class='ocrx_word' id='word_1_92' title='bbox 1205 2259 1345 2330; x_wconf 82' lang='lat' dir='ltr'>genere</span> <span class='ocrx_word' id='word_1_93' title='bbox 1369 2259 1468 2326; x_wconf 60' lang='lat' dir='ltr'>usus</span> <span class='ocrx_word' id='word_1_94' title='bbox 1492 2233 1596 2326; x_wconf 83' lang='lat' dir='ltr'>dixit,</span> 
     </span>
     <span class='ocr_line' id='line_1_15' title="bbox 454 2354 1063 2454; baseline 0 -23"><span class='ocrx_word' id='word_1_95' title='bbox 454 2356 502 2431; x_wconf 89' lang='lat' dir='ltr'>ab</span> <span class='ocrx_word' id='word_1_96' title='bbox 531 2354 753 2454; x_wconf 89' lang='lat' dir='ltr'>antiquitate</span> <span class='ocrx_word' id='word_1_97' title='bbox 781 2354 943 2430; x_wconf 89' lang='lat' dir='ltr'>alienum</span> <span class='ocrx_word' id='word_1_98' title='bbox 971 2372 1063 2432; x_wconf 90' lang='lat' dir='ltr'>erat.</span> 
     </span>
    </p>

    <p class='ocr_par' dir='ltr' id='par_1_6' title="bbox 366 2477 1599 3070">
     <span class='ocr_line' id='line_1_16' title="bbox 511 2477 1599 2578; baseline 0.001 -26"><span class='ocrx_word' id='word_1_99' title='bbox 511 2477 611 2552; x_wconf 88' lang='lat' dir='ltr'>Novi</span> <span class='ocrx_word' id='word_1_100' title='bbox 648 2480 883 2554; x_wconf 89' lang='lat' dir='ltr'>Testamenti</span> <span class='ocrx_word' id='word_1_101' title='bbox 911 2480 1050 2554; x_wconf 93' lang='lat' dir='ltr'>idioma</span> <span class='ocrx_word' id='word_1_102' title='bbox 1079 2479 1304 2578; x_wconf 90' lang='lat' dir='ltr'>conspicitur</span> <span class='ocrx_word' id='word_1_103' title='bbox 1331 2507 1378 2555; x_wconf 88' lang='lat' dir='ltr'>ex</span> <span class='ocrx_word' id='word_1_104' title='bbox 1405 2477 1599 2555; x_wconf 90' lang='lat' dir='ltr'>locutioni·</span> 
     </span>
     <span class='ocr_line' id='line_1_17' title="bbox 456 2602 1594 2700; baseline 0.002 -25"><span class='ocrx_word' id='word_1_105' title='bbox 456 2603 537 2692; x_wconf 63' lang='lat' dir='ltr'>bus</span> <span class='ocrx_word' id='word_1_106' title='bbox 585 2626 684 2698; x_wconf 87' lang='lat' dir='ltr'>quae</span> <span class='ocrx_word' id='word_1_107' title='bbox 725 2617 821 2690; x_wconf 90' lang='lat' dir='ltr'>sunt,</span> <span class='ocrx_word' id='word_1_108' title='bbox 851 2603 1012 2677; x_wconf 90' lang='lat' dir='ltr'>inustam</span> <span class='ocrx_word' id='word_1_109' title='bbox 1048 2602 1313 2678; x_wconf 89' lang='lat' dir='ltr'>conscientiam</span> <span class='ocrx_word' id='word_1_110' title='bbox 1351 2602 1492 2677; x_wconf 89' lang='lat' dir='ltr'>habere</span> <span class='ocrx_word' id='word_1_111' title='bbox 1531 2602 1594 2700; x_wconf 85' lang='lat' dir='ltr'>(de</span> 
     </span>
     <span class='ocr_line' id='line_1_18' title="bbox 458 2724 1597 2824; baseline 0 -25"><span class='ocrx_word' id='word_1_112' title='bbox 458 2724 595 2799; x_wconf 91' lang='lat' dir='ltr'>ieiunio</span> <span class='ocrx_word' id='word_1_113' title='bbox 621 2750 652 2798; x_wconf 92' lang='lat' dir='ltr'>c.</span> <span class='ocrx_word' id='word_1_114' title='bbox 679 2726 714 2822; x_wconf 90' lang='lat'>2)</span> <span class='ocrx_word' id='word_1_115' title='bbox 730 2726 768 2822; x_wconf 80' lang='lat'>¹),</span> <span class='ocrx_word' id='word_1_116' title='bbox 786 2725 1011 2800; x_wconf 89' lang='lat' dir='ltr'>conscientia</span> <span class='ocrx_word' id='word_1_117' title='bbox 1026 2725 1173 2824; x_wconf 84' lang='lat' dir='ltr'>integra</span> <span class='ocrx_word' id='word_1_118' title='bbox 1187 2726 1227 2824; x_wconf 69' lang='lat'>⁹),</span> <span class='ocrx_word' id='word_1_119' title='bbox 1244 2726 1307 2824; x_wconf 91' lang='lat' dir='ltr'>(de</span> <span class='ocrx_word' id='word_1_120' title='bbox 1323 2724 1422 2800; x_wconf 94' lang='lat' dir='ltr'>cultu</span> <span class='ocrx_word' id='word_1_121' title='bbox 1437 2726 1524 2822; x_wconf 77' lang='lat' dir='ltr'>sem.</span> <span class='ocrx_word' id='word_1_122' title='bbox 1547 2725 1597 2823; x_wconf 89' lang='grc'>2).</span> 
     </span>
     <span class='ocr_line' id='line_1_19' title="bbox 366 2847 1597 2947; baseline 0.001 -25"><span class='ocrx_word' id='word_1_123' title='bbox 366 2883 377 2896; x_wconf 94' lang='grc'><em>·</em></span> <span class='ocrx_word' id='word_1_124' title='bbox 457 2847 701 2922; x_wconf 87' lang='lat' dir='ltr'>conscientias</span> <span class='ocrx_word' id='word_1_125' title='bbox 743 2847 907 2922; x_wconf 88' lang='lat' dir='ltr'>infirmas</span> <span class='ocrx_word' id='word_1_126' title='bbox 944 2864 1151 2947; x_wconf 83' lang='lat' dir='ltr'>percutere,</span> <span class='ocrx_word' id='word_1_127' title='bbox 1190 2849 1252 2947; x_wconf 85' lang='lat' dir='ltr'>(de</span> <span class='ocrx_word' id='word_1_128' title='bbox 1299 2849 1421 2947; x_wconf 90' lang='lat' dir='ltr'>pudic.</span> <span class='ocrx_word' id='word_1_129' title='bbox 1468 2850 1529 2947; x_wconf 81' lang='lat'>14)</span> <span class='ocrx_word' id='word_1_130' title='bbox 1557 2848 1597 2945; x_wconf 78' lang='lat'>³),</span> 
     </span>
     <span class='ocr_line' id='line_1_20' title="bbox 459 2970 1380 3070; baseline 0 -25"><span class='ocrx_word' id='word_1_131' title='bbox 459 2970 724 3045; x_wconf 86' lang='lat' dir='ltr'>conscientiam</span> <span class='ocrx_word' id='word_1_132' title='bbox 756 2971 1023 3046; x_wconf 86' lang='lat' dir='ltr'>contaminare.</span> <span class='ocrx_word' id='word_1_133' title='bbox 1055 2971 1118 3070; x_wconf 93' lang='lat' dir='ltr'>(de</span> <span class='ocrx_word' id='word_1_134' title='bbox 1146 2971 1233 3046; x_wconf 92' lang='lat' dir='ltr'>idol.</span> <span class='ocrx_word' id='word_1_135' title='bbox 1270 2974 1330 3070; x_wconf 86' lang='lat'>13)</span> <span class='ocrx_word' id='word_1_136' title='bbox 1355 2974 1380 3070; x_wconf 93' lang='grc'>).</span> 
     </span>
    </p>

    <p class='ocr_par' dir='ltr' id='par_1_7' title="bbox 459 3093 1592 3316">
     <span class='ocr_line' id='line_1_21' title="bbox 511 3093 1592 3194; baseline 0.001 -27"><span class='ocrx_word' id='word_1_137' title='bbox 511 3093 650 3168; x_wconf 89' lang='lat' dir='ltr'>Sacrae</span> <span class='ocrx_word' id='word_1_138' title='bbox 673 3094 886 3193; x_wconf 86' lang='lat' dir='ltr'>Scripturae</span> <span class='ocrx_word' id='word_1_139' title='bbox 901 3095 1040 3170; x_wconf 93' lang='lat' dir='ltr'>idioma</span> <span class='ocrx_word' id='word_1_140' title='bbox 1055 3121 1207 3194; x_wconf 91' lang='lat' dir='ltr'>quoque</span> <span class='ocrx_word' id='word_1_141' title='bbox 1222 3095 1449 3171; x_wconf 90' lang='lat' dir='ltr'>denotantur</span> <span class='ocrx_word' id='word_1_142' title='bbox 1461 3095 1592 3185; x_wconf 87' lang='lat' dir='ltr'>verba,</span> 
     </span>
     <span class='ocr_line' id='line_1_22' title="bbox 459 3217 1140 3316; baseline 0 -24"><span class='ocrx_word' id='word_1_143' title='bbox 459 3231 670 3316; x_wconf 89' lang='lat' dir='ltr'>quaesunt</span> <span class='ocrx_word' id='word_1_144' title='bbox 701 3217 801 3315; x_wconf 85' lang='lat' dir='ltr'>(adv.</span> <span class='ocrx_word' id='word_1_145' title='bbox 833 3217 952 3293; x_wconf 91' lang='lat' dir='ltr'>Marc.</span> <span class='ocrx_word' id='word_1_146' title='bbox 990 3243 1020 3293; x_wconf 92' lang='lat'>1.</span> <span class='ocrx_word' id='word_1_147' title='bbox 1058 3221 1140 3316; x_wconf 79' lang='lat'>13):</span> 
     </span>
    </p>

    <p class='ocr_par' dir='ltr' id='par_1_8' title="bbox 466 3339 1601 3562">
     <span class='ocr_line' id='line_1_23' title="bbox 518 3339 1601 3440; baseline 0 -27"><span class='ocrx_word' id='word_1_148' title='bbox 518 3340 709 3436; x_wconf 80' lang='lat' dir='ltr'>„Sagittae</span> <span class='ocrx_word' id='word_1_149' title='bbox 732 3355 872 3417; x_wconf 91' lang='lat' dir='ltr'>tuae..</span> <span class='ocrx_word' id='word_1_150' title='bbox 892 3403 898 3416; x_wconf 94' lang='lat'>.</span> <span class='ocrx_word' id='word_1_151' title='bbox 918 3401 925 3416; x_wconf 90' lang='lat'>.</span> <span class='ocrx_word' id='word_1_152' title='bbox 952 3356 1250 3440; x_wconf 85' lang='lat' dir='ltr'>compungentes</span> <span class='ocrx_word' id='word_1_153' title='bbox 1274 3356 1313 3417; x_wconf 91' lang='lat' dir='ltr'>et</span> <span class='ocrx_word' id='word_1_154' title='bbox 1335 3339 1601 3439; x_wconf 86' lang='lat' dir='ltr'>transfigentes</span> 
     </span>
     <span class='ocr_line' id='line_1_24' title="bbox 466 3462 1007 3562; baseline 0.004 -26"><span class='ocrx_word' id='word_1_155' title='bbox 466 3462 749 3557; x_wconf 87' lang='lat' dir='ltr'>„conscientiam</span> <span class='ocrx_word' id='word_1_156' title='bbox 779 3463 1007 3562; x_wconf 91' lang='lat' dir='ltr'>quamque.”</span> 
     </span>
    </p>

    <p class='ocr_par' dir='ltr' id='par_1_9' title="bbox 460 3584 1602 3808">
     <span class='ocr_line' id='line_1_25' title="bbox 514 3584 1600 3680; baseline 0 -22"><span class='ocrx_word' id='word_1_157' title='bbox 514 3586 624 3680; x_wconf 82' lang='lat' dir='ltr'>Quae</span> <span class='ocrx_word' id='word_1_158' title='bbox 653 3586 769 3659; x_wconf 91' lang='lat' dir='ltr'>verba</span> <span class='ocrx_word' id='word_1_159' title='bbox 798 3586 847 3659; x_wconf 89' lang='lat' dir='ltr'>ad</span> <span class='ocrx_word' id='word_1_160' title='bbox 874 3584 975 3660; x_wconf 92' lang='lat' dir='ltr'>illam</span> <span class='ocrx_word' id='word_1_161' title='bbox 1003 3586 1214 3660; x_wconf 89' lang='lat' dir='ltr'>interiorem</span> <span class='ocrx_word' id='word_1_162' title='bbox 1244 3586 1402 3661; x_wconf 90' lang='lat' dir='ltr'>hominis</span> <span class='ocrx_word' id='word_1_163' title='bbox 1430 3601 1600 3660; x_wconf 89' lang='lat' dir='ltr'>naturam</span> 
     </span>
     <span class='ocr_line' id='line_1_26' title="bbox 460 3707 1602 3808; baseline -0.003 -25"><span class='ocrx_word' id='word_1_164' title='bbox 460 3708 629 3800; x_wconf 88' lang='lat' dir='ltr'>tendunt,</span> <span class='ocrx_word' id='word_1_165' title='bbox 655 3709 703 3782; x_wconf 89' lang='lat' dir='ltr'>de</span> <span class='ocrx_word' id='word_1_166' title='bbox 728 3734 803 3806; x_wconf 90' lang='lat' dir='ltr'>qua</span> <span class='ocrx_word' id='word_1_167' title='bbox 828 3709 929 3806; x_wconf 92' lang='lat' dir='ltr'>apud</span> <span class='ocrx_word' id='word_1_168' title='bbox 958 3708 1211 3808; x_wconf 87' lang='lat' dir='ltr'>Augustinum</span> <span class='ocrx_word' id='word_1_169' title='bbox 1227 3708 1387 3807; x_wconf 85' lang='lat' dir='ltr'>legimus</span> <span class='ocrx_word' id='word_1_170' title='bbox 1402 3708 1548 3805; x_wconf 89' lang='lat' dir='ltr'>(Enarr.</span> <span class='ocrx_word' id='word_1_171' title='bbox 1565 3707 1602 3780; x_wconf 92' lang='lat' dir='ltr'>in</span> 
     </span>
    </p>
   </div>
   <div class='ocr_carea' id='block_1_3' title="bbox 464 4086 1604 4584">
    <p class='ocr_par' dir='ltr' id='par_1_10' title="bbox 500 4086 1541 4162">
     <span class='ocr_line' id='line_1_27' title="bbox 500 4086 1541 4162; baseline -0.006 -18"><span class='ocrx_word' id='word_1_172' title='bbox 500 4093 526 4162; x_wconf 87' lang='lat'>1)</span> <span class='ocrx_word' id='word_1_173' title='bbox 545 4093 578 4143; x_wconf 87' lang='lat' dir='ltr'>cf.</span> <span class='ocrx_word' id='word_1_174' title='bbox 597 4094 648 4158; x_wconf 90' lang='lat' dir='ltr'>Ep.</span> <span class='ocrx_word' id='word_1_175' title='bbox 667 4091 701 4143; x_wconf 86' lang='lat' dir='ltr'>ad</span> <span class='ocrx_word' id='word_1_176' title='bbox 720 4091 788 4142; x_wconf 90' lang='lat' dir='ltr'>Tim.</span> <span class='ocrx_word' id='word_1_177' title='bbox 812 4105 833 4145; x_wconf 88' lang='lat'>1.</span> <span class='ocrx_word' id='word_1_178' title='bbox 853 4106 878 4155; x_wconf 84' lang='lat'>4.</span> <span class='ocrx_word' id='word_1_179' title='bbox 899 4105 929 4142; x_wconf 89' lang='lat'>2:</span> <span class='ocrx_word' id='word_1_180' title='bbox 950 4087 1212 4152; x_wconf 63' lang='grc' dir='ltr'>ηνιενσνντνρνεισμένοιν</span> <span class='ocrx_word' id='word_1_181' title='bbox 1230 4088 1277 4146; x_wconf 70' lang='grc' dir='ltr'>τὴν</span> <span class='ocrx_word' id='word_1_182' title='bbox 1294 4086 1359 4137; x_wconf 67' lang='grc' dir='ltr'><strong><em>ἰδίαν</em></strong></span> <span class='ocrx_word' id='word_1_183' title='bbox 1376 4086 1541 4144; x_wconf 74' lang='grc' dir='ltr'>σννιίδνσνν”.</span> 
     </span>
    </p>

    <p class='ocr_par' dir='ltr' id='par_1_11' title="bbox 464 4170 1599 4330">
     <span class='ocr_line' id='line_1_28' title="bbox 498 4170 1599 4247; baseline -0.006 -17"><span class='ocrx_word' id='word_1_184' title='bbox 498 4180 526 4247; x_wconf 90' lang='grc'>2)</span> <span class='ocrx_word' id='word_1_185' title='bbox 546 4180 578 4230; x_wconf 86' lang='lat' dir='ltr'>cf.</span> <span class='ocrx_word' id='word_1_186' title='bbox 598 4181 648 4245; x_wconf 90' lang='lat' dir='ltr'>Ep.</span> <span class='ocrx_word' id='word_1_187' title='bbox 666 4178 700 4229; x_wconf 84' lang='lat' dir='ltr'>ad</span> <span class='ocrx_word' id='word_1_188' title='bbox 719 4179 786 4229; x_wconf 90' lang='lat' dir='ltr'>Tim.</span> <span class='ocrx_word' id='word_1_189' title='bbox 805 4193 829 4229; x_wconf 90' lang='lat'>2.</span> <span class='ocrx_word' id='word_1_190' title='bbox 853 4191 874 4230; x_wconf 95' lang='grc'>1.</span> <span class='ocrx_word' id='word_1_191' title='bbox 895 4190 924 4242; x_wconf 87' lang='lat'>3:</span> <span class='ocrx_word' id='word_1_192' title='bbox 943 4174 1034 4239; x_wconf 69' lang='lat' dir='ltr'>„xdpav</span> <span class='ocrx_word' id='word_1_193' title='bbox 1051 4174 1106 4240; x_wconf 72' lang='lat' dir='ltr'>’lxo</span> <span class='ocrx_word' id='word_1_194' title='bbox 1123 4179 1159 4239; x_wconf 73' lang='grc' dir='ltr'>τῷ</span> <span class='ocrx_word' id='word_1_195' title='bbox 1178 4174 1229 4240; x_wconf 77' lang='grc' dir='ltr'>θεῷ,</span> <span class='ocrx_word' id='word_1_196' title='bbox 1247 4170 1265 4238; x_wconf 77' lang='grc' dir='ltr'><em>ᾧ</em></span> <span class='ocrx_word' id='word_1_197' title='bbox 1285 4171 1398 4237; x_wconf 60' lang='lat' dir='ltr'>turpabo</span> <span class='ocrx_word' id='word_1_198' title='bbox 1413 4173 1463 4235; x_wconf 64' lang='grc' dir='ltr'>ἀπὸ</span> <span class='ocrx_word' id='word_1_199' title='bbox 1474 4174 1599 4236; x_wconf 72' lang='grc' dir='ltr'><strong><em>προγόνων</em></strong></span> 
     </span>
     <span class='ocr_line' id='line_1_29' title="bbox 464 4260 1513 4330; baseline -0.009 -16"><span class='ocrx_word' id='word_1_200' title='bbox 464 4262 488 4314; x_wconf 80' lang='grc' dir='ltr'>ἔν</span> <span class='ocrx_word' id='word_1_201' title='bbox 505 4262 599 4330; x_wconf 66' lang='grc' dir='ltr'><strong><em>καθαρᾷ</em></strong></span> <span class='ocrx_word' id='word_1_202' title='bbox 619 4260 784 4321; x_wconf 71' lang='grc' dir='ltr'>σννιιδῆσ11”.</span> <span class='ocrx_word' id='word_1_203' title='bbox 1495 4281 1513 4320; x_wconf 65' lang='lat'><em>0</em></span> 
     </span>
    </p>

    <p class='ocr_par' dir='ltr' id='par_1_12' title="bbox 465 4340 1604 4493">
     <span class='ocr_line' id='line_1_30' title="bbox 499 4340 1604 4416; baseline -0.007 -17"><span class='ocrx_word' id='word_1_204' title='bbox 499 4348 528 4416; x_wconf 89' lang='lat'>3)</span> <span class='ocrx_word' id='word_1_205' title='bbox 545 4348 579 4399; x_wconf 87' lang='lat' dir='ltr'>cf.</span> <span class='ocrx_word' id='word_1_206' title='bbox 597 4349 648 4414; x_wconf 92' lang='lat' dir='ltr'>Ep.</span> <span class='ocrx_word' id='word_1_207' title='bbox 667 4349 702 4399; x_wconf 80' lang='lat' dir='ltr'>ad</span> <span class='ocrx_word' id='word_1_208' title='bbox 720 4349 780 4399; x_wconf 92' lang='lat' dir='ltr'>Cor.</span> <span class='ocrx_word' id='word_1_209' title='bbox 802 4361 824 4415; x_wconf 77' lang='lat'>1,</span> <span class='ocrx_word' id='word_1_210' title='bbox 844 4346 869 4415; x_wconf 79' lang='lat'>8,</span> <span class='ocrx_word' id='word_1_211' title='bbox 891 4361 935 4399; x_wconf 86' lang='lat'>12:</span> <span class='ocrx_word' id='word_1_212' title='bbox 957 4345 1035 4405; x_wconf 68' lang='grc' dir='ltr'><strong><em>οὕτως</em></strong></span> <span class='ocrx_word' id='word_1_213' title='bbox 1052 4344 1079 4396; x_wconf 83' lang='grc' dir='ltr'>δ1</span> <span class='ocrx_word' id='word_1_214' title='bbox 1093 4344 1280 4408; x_wconf 66' lang='grc' dir='ltr'><strong><em>ἆμαρτάνσντες</em></strong></span> <span class='ocrx_word' id='word_1_215' title='bbox 1295 4342 1330 4403; x_wconf 70' lang='grc' dir='ltr'>εἷς</span> <span class='ocrx_word' id='word_1_216' title='bbox 1346 4343 1406 4402; x_wconf 71' lang='grc' dir='ltr'>τοὺς</span> <span class='ocrx_word' id='word_1_217' title='bbox 1421 4340 1548 4406; x_wconf 67' lang='grc' dir='ltr'>ἀδελφοὺς</span> <span class='ocrx_word' id='word_1_218' title='bbox 1562 4340 1604 4392; x_wconf 73' lang='lat' dir='ltr'>nal</span> 
     </span>
     <span class='ocr_line' id='line_1_31' title="bbox 465 4428 1455 4493; baseline -0.004 -11"><span class='ocrx_word' id='word_1_219' title='bbox 465 4431 606 4492; x_wconf 75' lang='grc' dir='ltr'><strong><em>τύπτοντες</em></strong></span> <span class='ocrx_word' id='word_1_220' title='bbox 623 4431 706 4482; x_wconf 70' lang='grc' dir='ltr'><strong><em>αὐτῶν</em></strong></span> <span class='ocrx_word' id='word_1_221' title='bbox 724 4432 770 4490; x_wconf 71' lang='grc' dir='ltr'>τὴν</span> <span class='ocrx_word' id='word_1_222' title='bbox 789 4430 927 4489; x_wconf 75' lang='grc' dir='ltr'><strong><em>συνείδησιν</em></strong></span> <span class='ocrx_word' id='word_1_223' title='bbox 945 4431 1095 4482; x_wconf 68' lang='grc' dir='ltr'><strong><em>ἀσθενοῦσαν</em></strong></span> <span class='ocrx_word' id='word_1_224' title='bbox 1113 4430 1148 4489; x_wconf 75' lang='grc' dir='ltr'>εἷς</span> <span class='ocrx_word' id='word_1_225' title='bbox 1166 4431 1272 4493; x_wconf 81' lang='grc' dir='ltr'><strong><em>Χριστὸν</em></strong></span> <span class='ocrx_word' id='word_1_226' title='bbox 1288 4428 1455 4492; x_wconf 71' lang='grc' dir='ltr'>ἁμαρτάνετε.</span> 
     </span>
    </p>

    <p class='ocr_par' dir='ltr' id='par_1_13' title="bbox 499 4506 1604 4584">
     <span class='ocr_line' id='line_1_32' title="bbox 499 4506 1604 4584; baseline -0.006 -16"><span class='ocrx_word' id='word_1_227' title='bbox 499 4519 529 4584; x_wconf 85' lang='grc'>4)</span> <span class='ocrx_word' id='word_1_228' title='bbox 544 4518 576 4569; x_wconf 87' lang='lat' dir='ltr'>cf.</span> <span class='ocrx_word' id='word_1_229' title='bbox 592 4518 643 4583; x_wconf 90' lang='lat' dir='ltr'>Ep.</span> <span class='ocrx_word' id='word_1_230' title='bbox 654 4519 688 4568; x_wconf 74' lang='lat' dir='ltr'>ad</span> <span class='ocrx_word' id='word_1_231' title='bbox 698 4518 757 4568; x_wconf 89' lang='lat' dir='ltr'>Cor.</span> <span class='ocrx_word' id='word_1_232' title='bbox 771 4530 794 4569; x_wconf 85' lang='lat'>1.</span> <span class='ocrx_word' id='word_1_233' title='bbox 804 4515 830 4567; x_wconf 89' lang='grc'>8.</span> <span class='ocrx_word' id='word_1_234' title='bbox 841 4527 870 4580; x_wconf 90' lang='lat'>7:</span> <span class='ocrx_word' id='word_1_235' title='bbox 891 4513 977 4582; x_wconf 66' lang='lat' dir='ltr'>„uulsi</span> <span class='ocrx_word' id='word_1_236' title='bbox 993 4513 1133 4574; x_wconf 74' lang='grc' dir='ltr'><strong><em>συνείδησις</em></strong></span> <span class='ocrx_word' id='word_1_237' title='bbox 1148 4512 1231 4563; x_wconf 72' lang='grc' dir='ltr'><strong><em>αὐτῶν</em></strong></span> <span class='ocrx_word' id='word_1_238' title='bbox 1245 4512 1348 4572; x_wconf 59' lang='lat' dir='ltr'>&amp;cesule</span> <span class='ocrx_word' id='word_1_239' title='bbox 1363 4506 1426 4561; x_wconf 71' lang='lat' dir='ltr'>olea</span> <span class='ocrx_word' id='word_1_240' title='bbox 1441 4509 1604 4576; x_wconf 75' lang='grc' dir='ltr'>μσλῦνεται”.</span> 
     </span>
    </p>
   </div>
   <div class='ocr_carea' id='block_1_4' title="bbox 464 4605 922 4674">
    <p class='ocr_par' dir='ltr' id='par_1_14' title="bbox 464 4605 922 4674">
     <span class='ocr_line' id='line_1_33' title="bbox 464 4605 922 4674; baseline -0.002 -18"><span class='ocrx_word' id='word_1_241' title='bbox 464 4605 569 4656; x_wconf 85' lang='lat' dir='ltr'>Deinde</span> <span class='ocrx_word' id='word_1_242' title='bbox 588 4606 621 4656; x_wconf 79' lang='lat' dir='ltr'>cf.</span> <span class='ocrx_word' id='word_1_243' title='bbox 642 4605 692 4674; x_wconf 89' lang='lat' dir='ltr'>Ep.</span> <span class='ocrx_word' id='word_1_244' title='bbox 710 4605 743 4656; x_wconf 82' lang='lat' dir='ltr'>ad</span> <span class='ocrx_word' id='word_1_245' title='bbox 762 4605 814 4655; x_wconf 88' lang='lat' dir='ltr'>Tit.</span> <span class='ocrx_word' id='word_1_246' title='bbox 836 4617 858 4656; x_wconf 87' lang='lat'>1.</span> <span class='ocrx_word' id='word_1_247' title='bbox 880 4613 922 4674; x_wconf 80' lang='lat'>15.</span> 
     </span>
    </p>
   </div>
   <div class='ocr_carea' id='block_1_5' title="bbox 0 0 1791 5644">
    <p class='ocr_par' dir='ltr' id='par_1_15' title="bbox 0 0 1791 5644">
     <span class='ocr_line' id='line_1_34' title="bbox 0 0 1791 5644; baseline 0 0"><span class='ocrx_word' id='word_1_248' title='bbox 0 0 1791 5644; x_wconf 95' lang='lat' dir='ltr'> </span> 
     </span>
    </p>
   </div>
  </div>
 </body>
</html>
