3528 5644
972 585 1108 658 60.

423 793 592 893 binding,
615 807 693 868 met
716 795 793 868 hun
816 811 989 893 geweten
1007 809 1045 868 te
1060 793 1151 868 rade
1164 793 1305 891 gaan”‚
1323 789 1570 892 Nagelsbach

423 916 704 1015 interpretatur:
735 917 990 1014 Eidespflicht‚
1018 917 1227 992 bindender
1254 916 1326 989 Eid
1355 916 1454 1012 (Lat.
1484 912 1569 987 Stil.

425 1067 461 1138 p.
505 1039 605 1135 250).
645 1039 765 1134 Sane3
803 1041 859 1114 ius
889 1041 1097 1132 iurandum,
1126 1053 1402 1113 sacramentum
1432 1035 1570 1109 milites

423 1160 586 1257 ligabat3
616 1187 729 1260 quam
759 1163 809 1236 ob
837 1189 916 1237 rem
944 1160 1076 1261 religio
1099 1160 1342 1253 iurisiurandi,
1367 1175 1408 1233 ut
1433 1158 1569 1232 Cicero

424 1283 512 1357 dicit
547 1287 629 1383 (pro
668 1285 780 1358 Font.
819 1287 895 1383 20),
925 1310 991 1359 eos
1020 1284 1174 1358 tenebat
1207 1283 1277 1372 „de
1305 1282 1462 1379 binding
1489 1304 1568 1353 van

424 1405 498 1480 den
527 1406 637 1498 eed”,
677 1407 763 1501 „het
790 1421 975 1505 geweten‚
1005 1407 1053 1480 de
1080 1406 1220 1504 weting
1246 1430 1322 1479 van
1351 1405 1425 1477 den
1453 1399 1565 1476 eed'.

478 1528 626 1603 Eodem
662 1530 777 1604 modo
811 1530 847 1603 in
877 1529 948 1627 Ep.
979 1531 1028 1603 ad
1059 1529 1177 1604 Hebr.
1213 1553 1269 1603 10.
1304 1553 1337 1602 2.
1367 1526 1569 1625 genetivus

425 1675 533 1724 casus
567 1652 651 1726 voci
686 1651 935 1727 conscientiae
967 1652 1195 1750 adiungitur:
1231 1645 1309 1740 „dui
1336 1651 1372 1728 τὸ
1395 1652 1567 1754 μηδεμίαν

345 1757 353 1768 ’
430 1771 535 1878 ,ἔχειν
573 1772 616 1853 ἔτι
650 1779 837 1886 ,συνείδησιν
876 1773 1069 1880 ᾰμαρτιῶν”
1101 1800 1199 1872 quae
1227 1774 1344 1848 verba
1372 1787 1569 1848 vertuntur

430 1897 583 1985 „omdat
619 1897 661 1996 zij
805 1924 898 1997 gean
920 1905 1083 1997 geweten
1112 1922 1214 1971 meer
1242 1895 1387 1970 zouden
1415 1894 1567 1968 hebben

431 2019 519 2112 „der
546 2019 729 2094 zonden'’.

479 2141 638 2236 Seneca,
654 2144 760 2240 (Ben.
780 2168 814 2238 3.
833 2145 869 2241 7)
885 2144 987 2218 dicit:
1010 2143 1245 2233 „Arbitrum
1262 2142 1382 2216 libera
1396 2148 1431 2215 et
1444 2139 1570 2214 nullis

336 2349 342 2358 ¹
434 2263 639 2357 „adstricto
666 2266 829 2341 vinculis
856 2265 1031 2364 relegio'i

481 2385 583 2479 Quid
612 2386 705 2461 haec
732 2387 850 2461 verba
878 2387 1107 2486 significant?

480 2507 644 2582 Iudz'ccm
659 2509 841 2607 formula
863 2509 1015 2584 includit
1038 2525 1076 2584 et
1097 2525 1230 2602 certos,
1256 2536 1352 2608 quos
1371 2535 1446 2584 non
1461 2534 1569 2584 exce-

427 2630 518 2704 dere
554 2628 651 2725 licet,
679 2633 858 2708 terminos
887 2633 1012 2730 ponit3
1040 2634 1236 2707 arbitrum
1265 2657 1356 2707 vero
1385 2633 1572 2706 liberaret

428 2753 552 2827 nullis
576 2756 760 2829 adstricta
788 2756 951 2830 vinculis
977 2755 1125 2854 relzgz'o.
1150 2755 1296 2829 Seneca
1319 2755 1420 2830 hisce
1442 2754 1570 2829 verbis

381 2897 385 2906 ·
429 2876 733 2969 contradictione,
763 2893 804 2950 ut
831 2878 883 2952 ita
911 2873 1045 2969 dicam,
1074 2877 1111 2950 in
1135 2877 1300 2980 terminis
1324 2877 1376 2951 uti
1400 2877 1567 2951 videtur:

428 2997 576 3096 relz‘grb,
600 3000 783 3074 adstricta
808 3000 930 3074 nullis
952 2999 1125 3074 vinculis.
1144 2999 1230 3072 Non
1246 2999 1474 3073 extrinsecus
1488 2997 1568 3072 reli-

428 3134 541 3217 gatus
568 3136 625 3194 est
653 3122 808 3216 arbiter3
838 3122 1028 3196 Ciceronis
1055 3123 1256 3195 verborum
1285 3122 1359 3196 iam
1383 3137 1471 3197 ante
1492 3120 1568 3195 lau-

429 3241 603 3316 datorum
627 3270 752 3318 rursus
776 3246 863 3319 mihi
887 3246 923 3318 in
947 3259 1111 3318 mentem
1136 3245 1255 3318 venit:
1287 3245 1446 3338 „Virtus
1467 3270 1569 3342 quae

435 3366 486 3453 „si
514 3367 747 3441 extrinsecus
774 3369 939 3466 relagata
964 3367 1129 3464 pendeat
1152 3373 1188 3440 et
1210 3393 1283 3472 nort
1307 3368 1464 3441 oriatur
1484 3393 1508 3440 a
1531 3392 1569 3440 se

436 3502 496 3580 „et
523 3513 647 3561 rursus
674 3490 723 3562 ad
752 3516 792 3564 se
820 3506 1031 3564 revertatur
1058 3504 1096 3563 et
1113 3491 1250 3563 omnia
1277 3517 1347 3564 sua
1371 3488 1569 3589 complexa

437 3607 546 3702 „nihil
576 3628 733 3707 quaerat
762 3611 910 3686 aliunde
935 3610 1050 3689 ....''

486 3732 641 3808 Mutatis
676 3735 863 3808 mutandis
901 3735 996 3809 haec
1029 3734 1147 3807 verba
1176 3734 1213 3806 in
1241 3734 1399 3809 arbitros
1427 3735 1570 3832 optime

430 3856 707 3930 accommodari
735 3871 902 3954 possunt.
928 3856 1067 3948 Verba,
1094 3881 1193 3953 quae
1216 3873 1303 3930 sunt
1331 3856 1481 3956 „religio
1505 3857 1570 3931 ad·

430 3978 557 4052 stricta
585 3977 692 4054 nullis
719 3971 911 4067 uinculis”,
941 3979 1144 4053 ostendunt
1170 3979 1365 4053 arbitrum
1393 3980 1469 4054 sibi
1493 3980 1573 4076 ipsi

430 4101 578 4175 vinculo
614 4127 697 4193 esse,
736 4127 822 4175 eum
860 4126 935 4174 non
978 4103 1205 4176 extrinsecus
1245 4100 1443 4201 religatum
1485 4127 1570 4176 esse

430 4247 523 4296 vero
548 4248 594 4296 ea
615 4220 786 4297 libertate
801 4223 880 4316 frui,
898 4250 1011 4322 quam
1028 4249 1097 4297 nos
1112 4249 1293 4297 vocamus
1313 4224 1570 4322 „onbeperkte

436 4344 615 4443 „vrijheid
646 4370 709 4419 om
738 4371 830 4420 naar
858 4347 923 4421 het
950 4362 1123 4445 geweten
1153 4361 1192 4421 te
1220 4343 1447 4421 handelen''.

486 4465 670 4540 Omnibus
692 4469 887 4566 perpensis
907 4468 1105 4544 verisimile
1122 4470 1269 4543 videtur
1284 4467 1571 4567 voci'religionis

433 4587 625 4662 notionem
639 4587 780 4686 ligandi
794 4591 916 4665 inesse
932 4617 1093 4690 eamque
1107 4593 1258 4690 saepius
1275 4590 1398 4665 multis
1409 4591 1572 4666 numeris
