3576 5650
987 445 1035 514 26

442 651 544 728 Publ.
576 655 657 752 Syr.
688 653 731 728 C.
770 659 826 728 16.
858 655 966 750 (roo)

545 777 783 854 Conscientia
812 777 923 852 animi
954 775 1074 852 nullas
1097 777 1237 852 invenit
1258 777 1414 876 linguae
1436 804 1589 875 preces.

440 899 542 974 Publ.
573 900 654 998 Syr.
688 899 737 974 Η.
772 923 831 996 25.
862 901 982 997 (227).

547 1021 634 1098 Heu
663 1023 888 1098 conscientia
917 1023 1029 1099 animi
1057 1025 1185 1122 gravis
1213 1038 1270 1098 est
1299 1024 1470 1099 servitus.

440 1145 542 1220 Publ.
572 1147 653 1244 Syr.
685 1145 732 1220 O.
765 1149 799 1220 8.
831 1149 951 1245 (443).

545 1268 581 1341 Ο
610 1269 764 1344 tacitum
794 1285 1023 1344 tormentum
1051 1268 1165 1344 animi
1194 1268 1434 1343 conscientia.

440 1388 542 1465 Publ.
573 1389 655 1488 Syr.
688 1391 730 1466 E.
765 1415 825 1467 21.
857 1393 975 1488 (683).

544 1512 633 1588 Sine
661 1513 748 1612 lege
777 1539 902 1612 poena
930 1530 989 1589 est
1016 1514 1129 1589 animi
1157 1513 1395 1588 conscientia.

439 1635 516 1710 Cic.
549 1637 662 1710 Rosc.
693 1637 780 1711 Am.
812 1642 873 1734 67.

546 1758 673 1834 Nolite
711 1761 808 1834 enim
839 1777 984 1858 putare,
1014 1785 1092 1852 eos,
1122 1761 1185 1859 qui
1215 1758 1356 1857 aliquid
1383 1761 1581 1833 commise-

544 1881 628 1972 rint,
654 1882 787 1980 agitari
811 1899 849 1958 et
869 1884 1066 1980 perterreri
1086 1884 1207 1958 taedis
1223 1883 1439 1957 ardentibus
1455 1883 1581 1957 Furia·

545 2031 648 2098 rum;
685 2029 777 2079 suae
814 2031 1004 2103 quemque
1042 2005 1166 2081 malae
1203 2007 1452 2104 cogitationes
1494 2032 1581 2080 con-

544 2127 795 2226 scientiaeque
823 2129 936 2203 animi
959 2145 1119 2224 terrent3
1145 2130 1218 2204 hae
1240 2145 1326 2203 sunt
1349 2128 1582 2204 domesticae

547 2249 694 2325 Furiae.

440 2372 587 2466 Cluent.
624 2396 680 2469 15.
713 2401 748 2468 9.

545 2497 614 2570 Est
642 2497 820 2594 sapientis
848 2499 975 2572 iudicis
992 2559 999 2572 .
1014 2559 1021 2572 .
1037 2559 1066 2573 ..
1094 2499 1245 2574 maximi
1270 2499 1470 2573 aestimare
1493 2523 1581 2571 con-

545 2619 736 2693 scientiam
776 2621 911 2694 mentis
945 2647 1048 2712 suae,
1087 2647 1200 2719 quam
1244 2622 1292 2695 ab
1333 2621 1390 2694 dis
1432 2621 1580 2694 immor-

544 2742 680 2817 talibus
721 2745 945 2842 accepimus,
988 2771 1088 2842 quae
1130 2771 1153 2820 a
1194 2745 1302 2818 nobis
1338 2742 1462 2818 divelli
1503 2768 1579 2817 non

545 2882 690 2964 potest3
730 2893 829 2965 quae
865 2868 895 2942 si
933 2868 1159 2966 optimorum
1197 2866 1434 2943 consiliorum
1463 2881 1580 2962 atque

545 2985 726 3063 factorum
837 2989 943 3063 testis
972 2991 1007 3064 in
1037 2991 1138 3064 omni
1163 2991 1240 3064 vita
1262 2988 1370 3062 nobis
1394 2988 1474 3079 erit,
1499 2988 1580 3062 sine

546 3109 620 3185 ullo
649 3127 752 3186 metu
779 3126 817 3185 et
844 3138 991 3188 summa
1020 3140 1103 3187 cum
1133 3113 1332 3186 honestate
1366 3111 1550 3184 vivemus.

439 3236 573 3308 Parad.
605 3258 641 3327 4.
675 3258 734 3327 29.

545 3355 584 3429 Si
613 3356 701 3430 mihi
733 3357 932 3454 eripuisses
964 3358 1129 3431 divinam
1156 3357 1270 3430 animi
1298 3355 1578 3429 conscientiam.

439 3480 487 3553 de
515 3477 577 3551 fin.
611 3503 644 3551 2.
677 3500 737 3572 53.

546 3599 642 3674 Cum
667 3601 780 3673 animi
801 3600 1027 3675 conscientia
1055 3601 1247 3699 improbos
1276 3599 1477 3674 excruciari
1499 3615 1581 3673 tum

544 3723 658 3797 etiam
687 3748 835 3820 poenae
863 3725 1008 3798 timore.

438 3847 486 3921 de
515 3846 577 3919 fin.
611 3871 643 3919 2.
677 3869 766 3940 54.-

544 3968 620 4043 Sed
644 3967 817 4067 primum,
843 3969 906 4065 qui
935 3968 1048 4042 animi
1072 3968 1337 4043 conscientiam
1360 3993 1435 4041 non
1461 3984 1578 4060 curet,

554 4117 669 4188 quam
699 4090 837 4165 scilicet
864 4091 1112 4189 comprimere
1141 4089 1228 4165 nihil
1258 4106 1315 4165 est
1344 4091 1494 4189 negotii.

440 4212 522 4286 Att.
559 4238 615 4307 13.
647 4239 709 4307 49.

546 4335 614 4408 Ait
657 4334 759 4409 illum
808 4363 868 4411 me
912 4337 1024 4410 animi
1066 4337 1304 4428 conscientia,
1342 4337 1445 4434 quod
1484 4335 1577 4410 Pha-

545 4482 655 4531 neam
684 4458 944 4552 destituissem‚
974 4460 1022 4535 de
1050 4485 1091 4534 se
1118 4460 1306 4559 suspicari.

1777 2109 1779 2172 ¹
