3576 5650
192 781 280 856 Sen.
313 783 402 856 Ben.
436 807 469 877 3.
507 806 563 855 10.

298 905 465 978 Maxima
519 903 810 978 beneficia
864 929 980 1000 saepe
1034 905 1131 977 intra
1181 905 1335 978 tacitam

298 1027 456 1099 duorum
485 1026 748 1099 conscientiam
777 1024 908 1099 latent.

192 1167 283 1239 Ben.
318 1190 351 1259 3.
388 1186 445 1260 17.

298 1287 381 1361 Urit
417 1287 518 1361 illum
536 1346 544 1361 .
563 1346 570 1361 .
590 1347 623 1362 ..
663 1286 856 1386 intercepti
894 1287 1063 1361 beneficii
1092 1287 1330 1362 conscientia.

192 1424 290 1500 Dial.
324 1451 358 1516 9.
392 1446 425 1520 7.

299 1549 471 1643 Quorum
495 1548 759 1622 conscientiam
786 1549 906 1622 minus
930 1573 1044 1646 quam
1066 1563 1170 1622 tuam
1189 1549 1334 1656 timeas

191 1686 263 1783 Ep·
298 1711 329 1780 3·
362 1712 397 1779 4·

299 1810 463 1904 Quidam
492 1810 604 1883 etiam
633 1810 905 1884 carissimorum
935 1809 1199 1885 conscientiam
1224 1811 1337 1885 refor-

297 1932 450 2006 midant.

191 2069 346 2166 Quintil.
379 2068 485 2144 Decl.
518 2091 606 2165 307.

300 2194 480 2268 Conscius
504 2179 652 2267 ueneno
667 2195 835 2292 proditor
849 2195 1096 2268 conscientiae
1112 2195 1159 2268 sit
1173 2195 1270 2269 actio
1285 2240 1336 2249 —

299 2318 465 2414 proditor
479 2331 708 2414 torqueatur,
725 2317 846 2390 donec
861 2317 1029 2390 conscios
1042 2316 1179 2390 indicet
1193 2343 1338 2391 -reus

300 2455 357 2513 est
380 2439 654 2513 conscientiae.
674 2500 681 2513 .
701 2500 707 2513 .
728 2501 734 2512 .
754 2438 906 2513 Nullum
923 2440 1071 2537 signum
1086 2440 1336 2520 eonscientiae

300 2577 498 2660 putemus.
519 2623 525 2636 .
545 2623 578 2636 ..
606 2588 680 2646 non
703 2579 846 2637 temere
867 2563 981 2636 debet
1005 2549 1188 2636 indicasse
1206 2579 1335 2636 tantae

301 2687 351 2759 rei
380 2687 657 2760 conscientiam.

192 2822 299 2898 Decl.
333 2849 420 2918 314.

302 2947 406 3019 Licet
455 2944 556 3019 nulla
597 2946 814 3045 cuiusquam
858 2944 1068 3020 mortalium
1111 2945 1338 3019 conscientia

301 3068 553 3142 intervenerit.

193 3205 300 3281 Decl.
335 3229 421 3300 325.

300 3329 518 3404 Scrutamur
542 3330 806 3404 conscientiam
831 3330 922 3422 eius,
939 3331 1001 3429 qui
1017 3330 1251 3404 adversarius
1267 3343 1335 3403 est.

194 3467 301 3543 Deci.
333 3469 421 3543 Mai.
459 3496 489 3543 1.
522 3490 556 3564 7.

304 3592 380 3666 Cur
408 3593 506 3666 enim
536 3593 677 3666 socium
706 3592 955 3667 conscientiae
983 3594 1164 3690 quaerat?

194 3730 301 3804 Deci.
334 3731 423 3805 Mai.
459 3755 492 3804 2.
523 3756 585 3823 41.

303 3853 450 3945 Mulier,
474 3879 572 3951 quae
597 3879 637 3927 se
661 3854 810 3927 dicebat
833 3853 869 3925 in
894 3853 1158 3926 conscientiam
1188 3849 1336 3925 sceleris

301 3976 516 4050 admissam.

195 4097 302 4172 Decl.
335 4099 426 4171 Mai.
461 4123 494 4171 2.
531 4124 589 4173 12.

302 4221 545 4317 Temptatam
583 4245 624 4294 se
661 4221 697 4292 in
734 4220 916 4316 parricidii
950 4218 1176 4293 conscientia
1205 4215 1336 4291 mulier

303 4343 489 4417 adfirmat.

195 4464 301 4541 Decl.
335 4466 425 4540 Mai.
463 4469 520 4539 18.
556 4486 589 4560 7.

306 4589 380 4680 Da,
399 4605 440 4662 ut
454 4590 500 4662 sit
515 4589 610 4662 haee
624 4589 719 4662 inter
734 4603 892 4661 matrem
908 4612 952 4661 ac
969 4584 1082 4661 filium
1098 4585 1333 4661 conscientia.
