3528 5644
702 589 775 664 107

157 807 355 874 „munere
394 783 462 856 sed
495 797 643 857 tuemur
677 807 735 876 ea,
770 809 869 880 quae
906 784 1006 858 dicta
1046 799 1132 858 sunt
1168 784 1218 858 ab
1251 784 1307 875 iis,

157 931 286 1003 „quos
313 906 529 1003 probamus,
553 907 682 1004 eisque
697 915 870 981 nostrum
887 906 1069 981 iudicium
1084 916 1121 981 et
1132 915 1308 982 nostrum

157 1029 376 1120 ‚scribam
399 1029 569 1102 ordinem
598 1029 836 1126 adiungimus
864 1028 927 1125 (de
956 1028 1018 1103 fin.
1055 1054 1086 1104 1.
1118 1029 1195 1127 6).”

213 1149 274 1224 Sic
302 1166 340 1225 et
367 1149 456 1224 illud
485 1151 676 1226 Ciceronis
706 1152 768 1243 „in
797 1152 899 1225 omni
926 1151 1004 1225 vita
1028 1177 1097 1225 sua
1118 1175 1308 1249 quemque

156 1300 211 1365 „a
236 1291 339 1348 recta
367 1273 595 1349 conscientia
623 1291 832 1348 traversum
861 1298 1027 1372 unguem
1056 1300 1131 1348 non
1157 1287 1309 1371 oportet

158 1396 391 1488 „discedere
430 1397 554 1472 viden'
599 1422 713 1494 quam
754 1395 980 1500 ptiooipog?”
1032 1422 1117 1472 mea
1156 1396 1308 1494 quidem

156 1519 336 1617 opinione
363 1545 411 1594 ex
440 1519 632 1594 Ciceronis
660 1535 787 1594 mente
814 1517 1003 1617 profluxit.

214 1641 398 1734 Attende‚
437 1667 593 1739 quaeso,
633 1665 732 1740 quae
764 1641 889 1716 verbis
916 1639 1039 1716 allatis
1067 1642 1306 1716 antecedunt.

157 1764 334 1863 Legitur:
366 1763 439 1856 „de
466 1765 567 1839 iama
591 1763 678 1838 nihil
699 1789 792 1838 sane
814 1763 959 1852 laboro,
984 1765 1053 1838 etsi
1077 1765 1307 1861 scripseram

161 1887 239 1979 „ad
276 1903 315 1960 te
351 1903 440 1961 tunc
477 1886 591 1962 stulte
619 1885 733 1980 „nihil
762 1885 942 1977 melius”;
973 1887 1191 1961 curandum·
1209 1887 1308 1961 enim

163 2033 263 2103 ¹non
278 2025 346 2084 est.
364 2010 495 2108 Atque
510 2010 601 2085 hoc:
624 2009 681 2104 „in
696 2010 798 2084 omni
813 2010 890 2083 vita
906 2035 974 2083 sua
990 2036 1179 2108 quemque
1194 2008 1304 2108 sqq.''

214 2131 347 2207 Cicero
383 2159 429 2208 ex
466 2132 597 2208 litteris
627 2132 806 2231 proximis
834 2121 1022 2229 quaedam
1051 2130 1181 2207 laudat
1201 2132 1307 2233 „etsi

160 2255 408 2352 „scripseram
435 2256 484 2329 ad
513 2272 551 2330 te
579 2271 668 2330 tunc
695 2253 807 2330 stulte
842 2253 951 2349 „nihil
981 2254 1158 2348 melius'’;
1187 2256 1240 2330 sic
1269 2272 1308 2330 et

159 2378 292 2471 verba,
340 2379 390 2452 de
440 2378 575 2476 quibus
625 2378 871 2477 disputamus,
925 2377 1058 2454 Cicero
1083 2379 1174 2452 'iam
1217 2394 1307 2453 ante

162 2500 356 2598 scripsisse
392 2501 481 2574 mihi
517 2501 685 2596 videtur3
722 2503 797 2575 iam
833 2501 1007 2594 amicum,
1047 2502 1137 2600 quid
1176 2502 1233 2576 his
1260 2502 1309 2577 de

163 2623 289 2697 verbis
327 2638 444 2721 putet,
480 2640 603 2722 rogat,
640 2623 789 2716 „viden’
820 2647 934 2721 quam
962 2623 1179 2730 φιλοσόφως.”
1211 2624 1307 2698 Cum

164 2745 265 2819 enim
292 2745 493 2838 locutione,
522 2771 623 2844 quae
651 2762 710 2820 est
738 2762 840 2820 recta
869 2747 1107 2839 conscientia,
1137 2766 1179 2822 ut
1207 2746 1306 2845 lege,

161 2883 204 2942 ut
223 2855 362 2966 'regula
391 2894 600 2968 normaque
627 2870 780 2943 vivendi
807 2885 985 2956 uteretur,
1011 2870 1164 2967 optime,
1188 2895 1304 2967 quan·

162 3005 294 3087 topere
323 3016 370 3065 ea
398 2991 620 3089 significatio
648 3017 671 3066 a
700 2991 847 3091 vulgari
874 3017 1049 3067 sermone
1074 2991 1306 3084 abhorreret,

160 3113 287 3204 sensit,
305 3115 552 3210 quamobrem
568 3114 754 3188 exclamat
774 3115 919 3203 „viden'
938 3138 1052 3211 quam
1067 3109 1249 3217 φιλοσῦφως
1264 3114 1302 3212 1).

216 3234 440 3334 Plerumque
500 3262 593 3312 vero
658 3237 909 3311 conscientiae
962 3262 1059 3335 opus
1113 3251 1151 3309 et
1206 3235 1308 3334 apud

163 3357 385 3433 Ciceronem
422 3373 460 3432 et
497 3359 599 3456 apud
632 3385 765 3433 omnes
792 3361 1003 3456 scriptores,
1032 3375 1111 3432 tam
1140 3356 1310 3434 Graecos

162 3505 277 3576 quam
315 3480 522 3574 Romanos
556 3497 614 3555 est
640 3482 824 3556 factorum
853 3483 1182 3580 cogitatorumque
1210 3481 1310 3556 testi-

162 3603 330 3676 monium
365 3619 480 3701 atque
511 3604 698 3693 iudicium,
729 3605 864 3703 quibus
892 3605 941 3679 de
969 3604 1184 3681 muneribus
1212 3630 1309 3678 nunc

164 3725 353 3821 quaedam
381 3724 617 3801 disseramus

216 3894 240 3990 5
279 3898 314 3969 6.
354 3893 395 3966 1n
431 3893 566 3970 iudicio
595 3896 740 3970 interno
767 3895 1051 3990 domesticoque
1080 3893 1309 3968 conscientia

165 4031 292 4113 partes
326 4019 552 4092 accusatoris
589 4019 695 4092 testis
730 4019 859 4092 iudicis
887 4016 1038 4111 suscipit
1065 4029 1181 4111 atque
1208 4015 1308 4091 facta

202 4183 228 4250 1)
256 4185 398 4249 Postquam
429 4182 493 4233 haec
526 4183 628 4249 scripsi,
658 4184 686 4233 iu
720 4183 863 4234 clarissima
888 4181 1002 4248 Epistol.
1030 4182 1073 4232 ad.
1100 4182 1156 4232 Att.
1183 4180 1310 4248 editione,

162 4287 242 4336 quam
265 4272 305 4321 vir
330 4271 487 4320 clarissimus
512 4272 580 4320 Boot
603 4271 713 4337 curavit,
730 4270 793 4321 huic
810 4271 870 4320 loco
891 4277 1045 4320 annotatum
1063 4270 1137 4320 vidi:
1158 4269 1250 4334 „Quae
1269 4285 1312 4319 se-

165 4363 298 4423 „quuntur
315 4357 399 4422 „nihil
417 4357 511 4408 melius
530 4357 598 4424 (scil.
619 4355 716 4424 sama)”
735 4364 761 4408 et
782 4358 826 4422 „in
846 4357 899 4408 vita
918 4373 964 4406 sua
983 4372 1114 4423 quemque
1131 4373 1147 4406 a
1162 4363 1232 4406 recta
1248 4372 1310 4406 con·

164 4444 292 4510 „scientia
316 4443 395 4510 sqq.''
415 4444 497 4510 ipsim
516 4443 646 4496 Ciceronis
663 4451 732 4511 sunt,
752 4444 851 4494 illude
870 4444 982 4510 quadam
1002 4444 1035 4494 ad
1054 4443 1172 4494 Atticum
1190 4442 1310 4510 epistola,
1346 4431 1349 4433 ’

163 4529 231 4597 „hoc
249 4531 359 4581 sortasse
377 4547 410 4580 ex
429 4547 509 4596 opere
529 4531 561 4582 de
580 4531 650 4597 Rep.
669 4531 818 4598 repetitum,
837 4547 905 4597 quos
922 4530 1004 4580 libros
1024 4530 1164 4580 adamabat
1181 4537 1261 4595 atque
1280 4530 1309 4580 in

164 4617 301 4685 ,manibus
318 4616 454 4668 habebat”.
