3576 5650
1005 573 1054 642 34

562 763 626 836 bat
651 777 689 837 et
717 759 805 836 illud
833 761 1036 860 superbum
1060 761 1297 859 promissum,
1323 785 1516 858 nunquam
1541 785 1607 833 sa·

563 885 727 982 pientem
756 885 843 958 sacti
871 885 925 958 sui
955 884 1160 982 paenitere,
1190 909 1259 958 nec
1284 908 1449 981 unquam
1474 908 1605 957 emen·

564 1007 656 1080 dare
683 1007 785 1104 quod
814 1007 955 1099 fecerit,
987 1032 1055 1080 nec
1084 1021 1230 1081 mutare
1259 1003 1461 1081 consilium.

459 1129 549 1202 Ben.
582 1135 616 1203 6.
649 1155 711 1223 42.

564 1251 665 1326 Male
702 1252 792 1350 agit,
826 1252 888 1350 qui
918 1253 1054 1343 famae,
1085 1278 1159 1327 non
1189 1251 1439 1327 conscientiae
1466 1266 1604 1350 gratus

565 1391 632 1449 est.
665 1377 772 1448 Duos
800 1375 902 1450 istius
930 1377 982 1450 rei
1011 1375 1148 1450 iudices
1175 1375 1314 1448 habes:
1345 1372 1458 1464 illum,
1484 1399 1601 1471 quem

565 1512 675 1595 potes
704 1495 832 1570 fallere
861 1513 899 1572 et
927 1512 965 1570 te
994 1523 1107 1594 quem
1137 1523 1212 1570 non
1241 1512 1362 1595 potes.

417 1697 420 1706 ,
459 1621 549 1693 Ben.
583 1641 615 1715 7.
653 1644 682 1692 1.

564 1742 614 1815 Et
642 1741 905 1815 conscientiam
935 1766 1041 1815 suam
1071 1741 1128 1814 dis
1155 1742 1301 1838 aperuit
1317 1802 1324 1814 .
1338 1802 1345 1814 .
1361 1802 1390 1815 ..
1418 1767 1459 1816 se
1477 1741 1601 1839 magis

1181 1864 1322 1938 veritus
1349 1888 1463 1961 quam
1492 1864 1598 1938 alios

460 1984 558 2060 Dial.
593 2011 625 2080 3.
664 2012 720 2078 14.
1297 1966 1300 1970 .

566 2107 784 2205 Respiciens
812 2122 961 2198 testem,
991 2133 1066 2182 non
1095 2109 1371 2182 conscientiam.

459 2242 557 2317 Dial.
592 2266 625 2338 7.
659 2269 719 2318 20.

567 2366 666 2440 Nihil
696 2367 880 2464 opinionis
909 2393 1034 2460 causa,
1059 2368 1186 2441 omnia
1209 2367 1459 2440 conscientiae
1483 2392 1598 2440 causa

412 2563 417 2572 ,
567 2489 714 2563 faciam.

459 2613 530 2710 Ep.
564 2619 597 2687 8.

564 2737 624 2808 Tu
664 2761 735 2822 me,
774 2734 905 2832 inquiS,
945 2737 1063 2808 vitare
1092 2735 1241 2809 turbam
1269 2736 1386 2827 iubeS,
1415 2733 1597 2808 secedere

563 2873 601 2931 et
629 2857 856 2930 conscientia
885 2882 968 2930 esse
997 2874 1225 2932 contentam.

458 2979 528 3075 Ep.
563 3005 622 3072 24.

564 3102 748 3196 Quamvis
777 3101 1001 3175 conscientia
1029 3116 1094 3176 tua
1122 3103 1186 3175 tibi
1217 3102 1389 3176 fiduciam
1417 3101 1540 3176 saciat.

394 3237 398 3244 ’
455 3224 527 3320 Ep·
559 3249 621 3318 43-

564 3345 978 3420 Ianitoresconscientia
990 3362 1128 3439 nostra,
1141 3373 1215 3421 non
1227 3344 1596 3444 superbiaopposuit.

456 3466 527 3561 Ep.
561 3469 622 3539 80.

564 3589 688 3662 Nemo
712 3591 799 3664 mihi
821 3592 968 3666 videtur
986 3591 1100 3689 pluris
1115 3593 1315 3666 aestimare
1330 3592 1526 3665 virtutem.
1542 3649 1548 3662 .
1565 3649 1572 3662 .
1589 3648 1596 3662 .

562 3737 688 3809 quam,
719 3714 782 3810 qui
814 3714 903 3787 boni
940 3715 1007 3787 viri
1046 3716 1185 3789 samam
1224 3715 1396 3812 perdidit,
1435 3739 1483 3787 ne
1511 3738 1597 3786 con-

559 3835 751 3909 scientiam
780 3836 966 3933 perderet.

454 3957 525 4056 ΕΡ·
559 3979 620 4054 97·

562 4081 634 4153 Hic
683 4081 971 4169 consentiamus
1020 4082 1118 4156 mala
1162 4082 1327 4157 facinora
1370 4079 1597 4155 conscientia

559 4199 741 4298 flagellari
769 4220 807 4276 et
835 4202 1032 4300 plurimum
1062 4203 1109 4277 illi
1138 4220 1406 4278 tormentorum
1429 4229 1513 4277 esse
1534 4229 1594 4295 e0‚

558 4324 661 4421 quod
684 4342 867 4422 perpetua
887 4325 989 4400 illam
1004 4325 1212 4401 sollicitudo
1226 4342 1334 4426 urget
1349 4351 1392 4399 ac
1407 4309 1595 4399 verberat.

410 4525 413 4533 .
452 4445 522 4542 Ep.
556 4466 616 4541 97·

559 4567 658 4662 Quia
668 4571 837 4666 coarguit
847 4569 928 4644 illos
939 4572 1165 4647 conscientia
1176 4589 1214 4647 et
1223 4572 1325 4670 ipsos
1335 4571 1404 4646 sibi
1415 4571 1593 4646 ostendit.
