3528 5644
708 595 757 665 93

212 782 399 878 Apparuit
440 782 562 880 igitur,
605 797 752 880 poetas,
795 783 858 881 qui
895 809 1049 881 perraro
1086 809 1182 858 voce
1217 809 1302 859 con-

158 887 334 978 scientiae
356 905 569 997 utebantur,
592 932 676 979 cum
700 930 834 1002 parum
858 905 1061 1002 quadraret
1083 904 1120 979 in
1143 921 1303 980 metrum

159 1025 395 1124 dactylicum,
433 1026 652 1116 locutiones,
691 1053 790 1125 quae
827 1043 914 1101 sunt
950 1028 1097 1102 animus
1134 1029 1304 1103 conscius

159 1164 197 1222 et
225 1175 331 1224 mens
360 1149 429 1223 sibi
456 1151 616 1241 conscia,
646 1152 697 1224 ad
723 1151 973 1225 conscientiae
997 1150 1189 1226 notionem
1213 1150 1303 1225 indi·

159 1273 318 1346 candam
347 1273 405 1346 hic
433 1271 503 1347 illic
532 1274 780 1372 usurpavisse.

213 1394 293 1469 Iam
311 1395 362 1470 ad
376 1396 497 1494 ipsam
511 1422 646 1472 vocem
660 1395 911 1472 conscientiae
925 1396 1160 1471 tractandam
1174 1395 1299 1470 venio.

213 1687 237 1784 ἓ
283 1712 320 1781 4.
364 1687 499 1786 Capite
545 1689 677 1787 primo,
725 1716 801 1787 quo
848 1715 980 1765 omnes
1014 1687 1130 1778 locos,
1169 1690 1303 1788 quibus

105 1911 108 1916 Ι
158 1835 236 1883 vox
262 1812 511 1886 conscientiae
537 1811 685 1910 legitur,
715 1811 832 1904 attuli,
862 1812 1124 1887 enumerandis
1151 1812 1188 1885 in
1212 1809 1303 1887 locis

159 1932 343 2008 rationem
371 1932 652 2032 significationis
680 1935 806 2010 habui.

213 2056 366 2154 Proprie
413 2059 639 2134 conscientia
688 2074 746 2134 est
796 2060 1004 2134 communis
1054 2057 1300 2157 complurium

159 2179 333 2272 scientia3
362 2180 407 2254 cf.
438 2180 530 2256 Tac.
562 2181 658 2256 Hist.
696 2207 725 2257 1.
760 2205 829 2278 25:

219 2303 283 2394 „ln
310 2304 576 2377 conscientiam
606 2304 779 2379 facinoris
807 2305 917 2403 pauci
945 2303 1114 2380 adsciti'’.

214 2423 363 2498 Deinde
404 2426 676 2520 „conscientia”
715 2427 815 2501 idem
848 2425 949 2501 valet
976 2431 1092 2525 atque
1125 2429 1303 2523 „bewust-

158 2547 270 2652 zijn''‚
304 2547 601 2648 „herinnering”
627 2575 712 2624 eam
737 2551 929 2624 scientiam
954 2550 1050 2643 dico,
1074 2577 1173 2649 quae
1197 2551 1304 2625 nobis

159 2670 351 2744 nobiscum
373 2673 582 2746 communis
605 2688 663 2747 est
685 2690 800 2770 atque
815 2673 963 2771 penitus
978 2673 1104 2747 animo
1121 2675 1301 2748 inhaeret.

159 2790 384 2892 Plerumque
412 2795 633 2892 significatio
664 2795 814 2871 moralis
843 2797 876 2869 ei
904 2796 1022 2890 inest;
1052 2824 1194 2896 paucos
1222 2813 1302 2870 tan-

157 2916 355 2990 tummodo
381 2916 486 2991 locos
512 2919 549 2991 in
579 2919 702 3016 capite
730 2919 851 3016 primo
879 2917 1015 2994 afferre
1034 2921 1151 3016 potui,
1168 2919 1303 3017 quibus

156 3039 385 3114 conscientia
409 3041 459 3115 ad
481 3041 598 3116 vitam
624 3040 804 3117 moralem
827 3068 903 3116 non
927 3057 1125 3140 spectaret.
1148 3041 1192 3116 cs.
1210 3040 1300 3116 Plin.

157 3161 248 3236 Nat.
273 3187 333 3257 33.
364 3188 428 3236 12:
459 3164 534 3258 „Ut
554 3163 590 3236 in
606 3190 740 3238 somno
756 3191 908 3265 quoque
922 3165 1100 3239 unionum
1116 3164 1301 3239 conscien-
1376 3189 1379 3193 ·
1459 3225 1468 3240 .

161 3285 235 3378 „tia
264 3284 398 3360 adsit.”

210 3407 309 3480 Tum
348 3407 555 3506 permultos
592 3407 696 3485 locos
733 3408 898 3502 laudavi,
936 3411 1070 3509 quibus
1106 3410 1190 3484 voci
1218 3435 1303 3484 con·

155 3530 345 3622 scientiae,
375 3532 430 3605 cui
459 3532 626 3607 adiectus
650 3549 730 3608 erat
751 3535 950 3638 genetivus
974 3561 1082 3609 casus
1105 3532 1166 3609 vel
1191 3560 1303 3609 enun-

153 3653 288 3727 tiatum
304 3655 503 3750 (sententia
518 3657 733 3753 quaedam),
749 3656 971 3755 significatio
988 3657 1138 3732 moralis
1152 3659 1301 3732 inesset.

155 3776 343 3851 Omnibus
393 3779 449 3852 his
491 3777 582 3853 locis
622 3779 850 3856 conscientia
891 3781 1074 3855 vertenda
1114 3795 1172 3854 est
1219 3781 1301 3874 „be-

153 3900 362 3999 wustzijn.”

209 4022 269 4095 Ex
291 4021 382 4097 locis
405 4025 632 4099 enumeratis
657 4041 828 4124 apparet,
853 4042 1088 4125 quantopere
1109 4023 1298 4098 conscien-

153 4145 206 4219 tia
230 4144 378 4220 sceleris
401 4147 573 4222 timorem
596 4149 732 4222 excitet
746 4147 1000 4246 scelestosque
1015 4145 1144 4221 ultima
1160 4145 1300 4221 audere

153 4286 269 4368 cogat
283 4270 311 4366 ¹)
348 4269 409 4344 vel
450 4271 486 4344 in
527 4297 704 4369 suprema
746 4270 948 4370 compellat
961 4272 1008 4370 ’);
1051 4296 1167 4369 saepe
1208 4269 1301 4344 muti

775 4627 803 4696 2)
821 4626 855 4679 cr.
875 4625 987 4690 Qatnu.
1007 4624 1082 4678 oeci.
1102 4625 1166 4676 un.
1185 4640 1212 4690 4.
1231 4637 1258 4690 9.
