3528 5644
956 611 1008 678 90

463 804 511 896 Is,
549 804 612 900 qui
650 800 790 898 aliquid
826 826 954 875 secum
990 801 1069 890 scit,
1106 801 1177 874 sibi
1206 798 1377 873 conscius
1405 815 1462 872 est
1488 797 1556 872 ali·

410 926 513 1000 cuius
539 926 593 1000 rei
606 926 646 1024 ¹).

463 1049 633 1138 Animus,
672 1049 737 1145 qui
764 1047 833 1121 sibi
861 1044 1010 1120 sceleris
1037 1046 1206 1120 conscius
1233 1060 1302 1135 est,
1332 1045 1556 1142 quisecum

300 1185 311 1196 ”
408 1186 604 1269 peccatum
644 1170 749 1245 novit
786 1187 901 1268 atque
938 1171 1062 1259 sentit,
1100 1169 1240 1242 normis
1267 1169 1359 1241 recti
1385 1168 1556 1264 bonique

407 1293 509 1367 sacta
545 1294 719 1368 iudicavit
754 1307 869 1390 atque
897 1307 1081 1388 perpetuo
1109 1291 1267 1384 iudicat3
1295 1291 1393 1380 hinc,
1420 1291 1555 1364 delicto

408 1416 583 1508 indicato,
612 1417 723 1491 timor
750 1416 926 1491 exoritur.

463 1540 578 1637 Apud
619 1539 844 1631 Lucretium,
880 1538 1030 1626 locutio,
1070 1563 1168 1635 quae
1205 1551 1264 1611 est
1292 1537 1439 1611 animus
1466 1561 1555 1610 con-

408 1663 505 1738 scius
548 1663 628 1736 sive
671 1683 779 1736 mens
823 1661 891 1735 sibi
937 1662 1087 1735 conscia
1128 1660 1276 1734 duobus
1322 1658 1426 1750 locis,
1455 1684 1555 1756 quos

408 1811 521 1882 supra
549 1789 646 1883 (cap.
677 1786 708 1883 1)
734 1786 809 1859 iam
841 1782 960 1875 attuli,
989 1783 1135 1880 legitur.

462 1907 511 1980 Et
538 1907 595 1980 his
618 1906 708 1980 locis
738 1932 865 2000 „mens
888 1907 957 1979 sibi
981 1905 1154 1980 conscia''
1180 1903 1366 2000 significat
1395 1903 1554 1996 „kwaad

408 2044 592 2127 geweten‚
621 2027 898 2106 schuldbewust
925 2027 1129 2126 gemoed.'’

463 2153 656 2227 Lucretius
703 2153 826 2251 igitur,
879 2152 1034 2226 deorum
1080 2166 1222 2225 metum
1263 2149 1350 2224 licet
1389 2147 1553 2241 tolleret,

409 2276 596 2350 actionem
625 2275 874 2349 conscientiae
903 2300 1045 2372 negare
1073 2300 1149 2347 non
1176 2273 1307 2369 potuit.

462 2397 645 2495 Epicurei,
680 2422 910 2495 quamquam
939 2397 1033 2471 deos
1060 2423 1145 2471 esse
1172 2422 1315 2495 negare
1343 2421 1418 2468 non
1447 2410 1553 2493 pote·

409 2535 493 2594 rant
507 2521 534 2616 ⁵³)
572 2545 685 2594 omne
713 2519 901 2594 vinculum
929 2519 1119 2617 religionis
1147 2518 1355 2593 evellerant
1382 2519 1554 2592 virtutes-

411 2669 484 2742 que
521 2643 755 2740 expetendas
791 2669 874 2718 esse
907 2645 1096 2718 docebant
1125 2643 1173 2717 ad
1202 2641 1437 2739 voluptatem
1465 2667 1554 2715 con-

410 2765 644 2863 quirendam.

466 2887 552 2961 Non
604 2887 685 2985 ipsa
735 2889 851 2963 virtus
893 2889 1047 2963 beatum
1089 2889 1211 2980 efficit,
1254 2890 1322 2962 sed
1363 2887 1553 2984 voluptas,

411 3036 510 3109 quae
538 3036 584 3084 ex
613 3011 748 3085 virtute
778 3027 835 3085 est
864 3011 923 3108 (cf.
955 3011 1042 3085 Sen.
1074 3013 1145 3108 Ep.
1178 3015 1239 3105 85.
1277 3013 1349 3108 18).

465 3133 601 3208 Merito
623 3134 671 3208 de
696 3134 887 3231 Epicureis
912 3134 1184 3208 Windelbandt
1208 3134 1296 3208 dicit
1311 3132 1554 3232 (Geschichte

449 3501 475 3570 1)
491 3501 558 3568 Con,
575 3501 710 3568 particula,
727 3501 831 3567 saepius
840 3500 909 3568 voci,
920 3515 1032 3565 quacum
1042 3499 1218 3566 coniungitur,
1230 3498 1355 3549 maiorem
1365 3499 1417 3548 vim
1426 3497 1553 3550 attribuit.

410 3589 444 3641 cf.
464 3589 523 3640 Ter.
543 3589 611 3641 Eun.
635 3601 699 3652 199:

599 3675 729 3742 „Egopol,
749 3691 816 3740 quae
834 3675 899 3725 mihi
918 3691 976 3724 sum
994 3673 1108 3741 conscia,
1126 3675 1176 3724 hoc
1194 3679 1265 3724 certo
1284 3673 1338 3724 scio

598 3763 708 3829 „Neque
726 3777 767 3812 me
786 3762 892 3812 finxisse
911 3761 970 3811 falsi

410 3851 495 3904 Simili
512 3849 590 3900 modo
610 3851 638 3900 in
657 3865 721 3901 voce
742 3849 845 3915 belgica
866 3847 1018 3914 „geweten”
1039 3864 1081 3914 ge,
1101 3848 1237 3914 particula,
1255 3849 1310 3899 vim
1328 3848 1402 3898 verbi
1422 3854 1507 3912 auget.

446 3937 486 3989 Cf.
512 3937 570 4003 „die
594 3937 712 4003 gotische
737 3936 814 3986 Bibei
838 3936 883 3986 des
905 3934 1028 4002 Vulfila'',
1046 3935 1132 3985 Gloss.
1147 3951 1172 3984 v.
1189 3935 1343 4002 Bernhardt,
1364 3933 1441 4001 1884,
1457 3952 1483 4000 p.
1500 3949 1553 4000 249

409 4027 438 4078 in
459 4041 523 4076 voce
543 4039 589 4090 ga:
612 4025 679 4090 „Die
698 4023 942 4087 Grundbedeutung
959 4039 1011 4072 von
1027 4039 1068 4089 ge,
1083 4039 1117 4087 ga
1131 4023 1234 4073 scheint
1250 4022 1293 4072 die
1310 4023 1433 4072 sociative
1446 4039 1477 4072 zu
1487 4023 1554 4091 sein,

411 4115 484 4180 „mit,
499 4129 646 4163 zusammen
666 4148 690 4163 ..
703 4149 708 4161 .
721 4125 804 4177 .;·aus
824 4111 882 4160 dem
903 4111 1013 4174 Begriffe
1033 4110 1078 4159 des
1098 4126 1245 4160 zusammen
1265 4109 1416 4159 entwickelt
1434 4109 1490 4159 sich
1509 4109 1553 4160 die

412 4201 557 4266 „intensive
572 4199 726 4265 Bedeutuug
737 4215 789 4248 von
799 4213 846 4263 ga:
858 4197 987 4264 gavaldan
997 4197 1051 4246 und
1064 4197 1230 4261 gafraujinon
1242 4197 1341 4262 „vortig
1350 4196 1553 4247 beherrschen”.

446 4287 549 4336 Deinde
575 4287 607 4336 cf.
634 4286 729 4352 Kluge,
752 4287 838 4350 Etym.
859 4286 990 4334 Wdrterb.
1010 4285 1037 4333 iu
1057 4299 1137 4334 voce:
1158 4285 1225 4349 „Mit
1244 4284 1290 4333 der
1309 4283 1554 4350 Grundbedeutuug
1610 4277 1614 4284 ’

412 4374 475 4439 „der
493 4371 743 4438 Vollstindigkeit”.

447 4460 569 4524 Denique
595 4461 628 4510 cf.
653 4459 776 4526 Verdam,
802 4459 931 4509 Middeln.
958 4459 1142 4525 Woordenb.,:
1168 4459 1232 4522 „Dit
1249 4459 1342 4524 begrip
1361 4474 1412 4507 van
1432 4459 1554 4508 veelvou·

413 4545 537 4612 „digheid
556 4547 650 4613 wijzigt
670 4547 727 4596 zich
746 4552 784 4597 tot
802 4546 846 4596 dat
862 4563 914 4596 van
931 4546 1055 4612 tenvolle³
1071 4547 1099 4595 in
1115 4545 1262 4596 allendeele
1277 4546 1347 4595 ofin
1365 4545 1415 4594 alle
1432 4545 1553 4595 deelen'’.

450 4631 477 4699 2)
493 4631 568 4696 Epic.
585 4648 627 4697 ap.
644 4632 723 4698 Diog.
736 4644 800 4696 123:
822 4629 886 4698 „teat
902 4630 946 4690 μὲν
963 4628 1011 4693 γάρ
1022 4629 1092 4688 εἰσιν,
1102 4629 1207 4693 ἐναργὴς
1216 4629 1262 4692 μὲν
1274 4627 1323 4693 γάρ
1333 4625 1403 4678 ἐστιν
1412 4627 1426 4686 ἡ
1435 4633 1553 4693 γνῶσις”.
