1042 1552
557 219 583 236 44

337 266 369 291 qui
387 266 476 291 spiritalia
495 266 589 290 nequitiae
605 272 643 285 non
658 266 733 291 quidem
747 266 798 285 socia
811 272 855 285 con-

336 297 419 319 scientia,
434 297 468 315 sed
482 297 556 315 inimica
570 297 647 316 scientia
661 297 753 316 novimus.

282 327 307 346 de
321 328 384 346 Pudic.
402 334 430 346 ιο.

337 358 394 377 Porro
409 365 443 377 nec
456 358 540 377 remedia
551 364 625 383 sapere,
639 358 707 382 quibus
719 358 801 383 pericula
813 358 853 382 ipsa

337 395 375 408 non
389 389 470 414 sapiunt,
487 388 522 407 illic
541 393 604 408 autem
623 389 750 413 poenitentiae
767 392 854 407 constare

335 420 433 443 rationem,
453 420 484 438 ubi
505 419 618 438 conscientia
638 423 658 438 et
679 419 776 438 voluntate
797 418 853 437 delin-

335 450 403 475 quitur.

282 481 306 500 de
318 481 381 500 Pudic.
399 487 428 504 14.

335 512 418 536 Quidam
432 515 495 530 autem
507 512 525 531 in
537 512 651 531 conscientia
665 518 713 530 nune
727 511 781 536 quasi
795 511 853 530 idolo-

334 542 407 567 thytum
426 543 490 561 edunt⁴
510 543 540 561 Sic
558 547 622 562 autern
641 542 771 567 delinquentes
788 548 853 566 percu-

334 573 398 592 tiendo
409 573 533 592 conscientias
544 574 621 592 fratrum
633 573 716 592 infirmas
727 573 745 591 in
757 572 853 591 Christum

334 603 449 628 delinquent.

280 634 305 653 de
319 635 375 653 Cam.
391 634 466 653 Resurr.
484 641 513 658 ¹9-

333 665 399 684 Tacite
413 669 476 684 autem
490 666 593 684 secundum
607 664 739 684 conscientiam
750 671 803 683 suam
814 665 853 683 hoc

334 696 421 714 sentiunt⁴

280 727 305 745 de
318 726 387 745 Ieiunio
403 733 419 745 2.

334 757 417 776 Inustam
432 757 524 776 habentes
538 757 676 776 conscientiam.

280 788 304 807 de
319 788 395 807 Ieiunio.
411 790 428 807 6.

334 819 472 837 Conscientiam
486 825 606 837 communem
620 818 744 837 consulamus.

279 849 304 868 de
312 849 374 868 Carne
382 850 449 875 Christi
460 850 503 873 308.
512 849 534 868 C.
543 849 587 873 (vid.
596 849 631 868 Ed.
638 849 663 873 Q,
669 849 721 874 Sept.
727 848 777 868 Flor.
787 850 851 874 1674.)

333 879 371 898 Sed
383 880 429 899 satis
440 884 481 899 erat
491 879 515 898 illi
523 880 635 907 conscientia
643 886 677 898 sua
683 887 687 898 2
693 894 696 898 .
702 894 706 898 .
713 894 717 898 .
723 895 727 898 .
735 886 778 898 cum
785 880 851 898 iniuria

333 911 458 929 conscientiae
465 917 527 929 suae..
534 925 537 929 .
543 925 547 929 .
555 911 646 929 adversus
652 910 784 929 conscientiam
789 916 849 929 suam.

279 940 303 959 de
317 940 395 959 Exhort.
410 945 455 960 casti
474 947 502 960 10.

333 971 352 989 Si
367 972 480 990 conscientia
494 972 598 995 erubescat,
611 972 703 990 erubescit
715 972 781 990 oratio.

279 1002 303 1020 de
318 1002 382 1021 Pallio.
397 1009 415 1026 4.
587 1021 589 1023 ,

332 1033 470 1052 Conscientiam
485 1033 566 1057 denique
580 1037 631 1051 tuam
646 1033 759 1058 perrogabo,
