3528 5644
999 583 1070 650 116
1113 577 1116 584 ’

443 791 587 884 tebant‚
638 815 713 866 non
764 816 877 865 came
922 805 1112 866 taurorum
1155 789 1205 864 ad
1247 790 1339 864 deos
1380 787 1586 886 placandos

444 942 540 1014 opus
566 941 650 990 esse
677 916 744 989 sed
774 930 900 990 mente
928 941 1033 1014 pura.

450 1038 508 1128 „O
536 1037 699 1114 curvae'’
729 1038 846 1137 inquit
874 1039 1022 1113 Persius
1056 1037 1242 1132 „interris
1268 1037 1417 1112 animae
1444 1050 1483 1111 et
1507 1049 1588 1110 cae.-

1295 1158 1442 1235 iestium
1470 1158 1590 1232 inanis

449 1286 573 1381 „Quid
600 1284 704 1360 iuvat
731 1285 815 1378 hoc,
844 1282 993 1382 templis
1020 1300 1168 1360 nostros
1195 1283 1395 1358 immittere
1423 1307 1547 1357 mores

449 1409 521 1504 „Et
548 1410 648 1483 bona
676 1408 732 1482 dis
760 1433 807 1482 ex
834 1409 905 1482 hac
933 1406 1115 1482 scelerata
1143 1409 1280 1482 ducere
1307 1405 1421 1504 pulpa
1435 1406 1486 1504 27?

499 1531 647 1606 Deinde
675 1531 726 1605 sic
755 1531 879 1629 pergit
907 1532 1112 1628 (71—73):

503 1653 625 1749 „Quin
654 1654 788 1728 damus
815 1653 853 1726 id
880 1654 1101 1751 superis...
1121 1714 1128 1727 .

451 1775 735 1874 „Compositum
773 1776 829 1849 ius
866 1776 998 1874 sasque
1022 1777 1147 1850 animo
1171 1791 1398 1873 sanctosque
1421 1799 1591 1849 recessus

452 1898 614 1988 „Mentis
642 1914 681 1972 et
707 1899 894 1973 incoctum
922 1924 1110 1998 generoso
1139 1914 1269 1996 pectus
1296 1897 1496 1972 honesto’'.

501 2021 773 2095 Verumtamen
796 2020 990 2096 hominum
1005 2046 1110 2095 mens
1125 2048 1210 2095 cum
1224 2036 1263 2096 et
1278 2047 1392 2096 caeca
1406 2036 1445 2095 et
1458 2019 1590 2117 depra-

448 2159 539 2218 vata
560 2158 671 2236 esset,
697 2144 786 2241 quid
809 2144 845 2234 in
867 2144 946 2219 vita
966 2159 1108 2218 rectum
1123 2159 1235 2237 esset,
1251 2142 1362 2242 plane
1376 2144 1588 2242 ignorabat.
1661 2212 1664 2217 .

452 2267 567 2361 Quod
591 2281 629 2342 et
653 2267 798 2341 Seneca
822 2266 924 2342 vidit.
956 2266 1151 2364 „Occupat
1174 2267 1312 2358 enim‘’‚
1328 2266 1457 2364 inquit,
1480 2291 1591 2361 „non-

456 2413 682 2486 „numquam
724 2387 851 2463 odium
892 2390 1041 2486 generis
1077 2391 1229 2464 humani
1266 2405 1305 2463 et
1338 2388 1497 2464 occurrit
1533 2403 1591 2463 tot

455 2510 657 2600 „scelerum
687 2509 844 2584 felicium
873 2512 994 2603 turba,
1024 2538 1108 2585 cum
1136 2512 1372 2610 cogitaveris,
1388 2503 1516 2609 'quam
1545 2511 1592 2584 sit

453 2658 558 2728 „rara
601 2631 827 2730 simplicitas,
875 2659 989 2731 quam
1030 2635 1162 2732 ignota
1198 2633 1410 2709 innocentia
1449 2648 1488 2708 et
1524 2632 1588 2707 vix

453 2781 652 2854 „unquam
682 2756 750 2830 nisi
781 2782 864 2830 cum
901 2757 1062 2854 expedit,
1101 2758 1206 2849 fides
1232 2774 1270 2832 et
1298 2755 1456 2831 libidinis
1484 2754 1586 2829 lucra

454 2878 691 2975 „damnaque
726 2879 864 2976 pariter
898 2879 1017 2953 invisa
1045 2895 1083 2954 et
1111 2879 1266 2953 ambitio
1295 2905 1414 2976 usque
1441 2904 1489 2953 eo
1517 2877 1591 2952 iam

455 3026 516 3096 „se
551 3001 626 3074 suis
663 3025 738 3074 non
776 3000 971 3076 continens
1008 3002 1184 3096 terminis,
1222 3019 1262 3076 ut
1299 3028 1366 3100 per
1402 3001 1593 3100 turpitudi-

455 3148 563 3219 „nem
588 3120 804 3220 splendeat:
834 3124 956 3222 agitur
991 3125 1136 3198 animus
1171 3125 1208 3198 in
1245 3141 1395 3200 noctem
1424 3140 1462 3199 et
1489 3122 1593 3198 velut

456 3245 620 3341 „eversis
643 3246 851 3338 virtutibus,
874 3272 969 3344 quas
992 3273 1061 3322 nec
1088 3273 1240 3346 sperare
1254 3247 1350 3337 licet,
1368 3273 1436 3322 nec
1451 3248 1592 3321 habere

456 3368 640 3466 „prodest
666 3370 845 3444 tenebrae
869 3370 1110 3446 oboriuntur''
1126 3372 1165 3469 Β).
1196 3372 1320 3447 Deum
1343 3372 1460 3470 sequi,
1477 3371 1592 3446 menti

451 3492 725 3588 obtemperare,
748 3493 998 3569 conscientiae
1013 3520 1158 3569 morem
1172 3519 1317 3594 gerere,
1333 3495 1450 3569 vitam
1465 3518 1592 3568 secun·

451 3614 540 3687 dum
564 3627 748 3702 naturam,
773 3616 978 3689 secundum
1002 3632 1142 3690 rectam
1171 3618 1365 3705 rationem,
1388 3616 1593 3706 secundum

451 3734 602 3835 regulas
643 3762 870 3836 normasque
911 3754 1034 3814 rectas
1074 3740 1246 3838 dirigere,
1283 3741 1476 3838 quomodo
1513 3739 1591 3814 fieri

451 3873 612 3958 poterat,
638 3858 679 3947 si,
706 3860 794 3958 quid
816 3861 853 3934 in
880 3861 958 3936 vita
986 3889 1027 3937 re
1054 3886 1145 3937 vera
1161 3879 1302 3938 rectum
1318 3879 1428 3957 esset,
1444 3850 1592 3962 ignorass

452 3982 585 4057 batur?

505 4169 528 4263 ξ
560 4153 593 4262 7.
631 4168 780 4242 Revera
808 4167 856 4256 id,
886 4169 989 4267 quod
1014 4167 1139 4244 ¹Zeller
1165 4171 1213 4246 de
1240 4169 1386 4246 Seneca
1414 4169 1513 4263 dicit,
1542 4169 1593 4244 ad

453 4305 574 4364 totam
603 4289 771 4364 Senecae
799 4306 963 4366 aetatem
992 4293 1163 4389 pertinet.

494 4551 520 4619 1)
538 4539 678 4601 Pers.'Sat.
699 4562 723 4602 2.
744 4550 858 4615 61-63.

491 4637 520 4705 2)
538 4638 599 4688 Seu.
617 4639 715 4704 Tranq.
734 4639 786 4691 An.
810 4646 851 4702 ις.
