<?xml version="1.0" encoding="UTF-8"?>
<!DOCTYPE html PUBLIC "-//W3C//DTD XHTML 1.0 Transitional//EN"
    "http://www.w3.org/TR/xhtml1/DTD/xhtml1-transitional.dtd">
<html xmlns="http://www.w3.org/1999/xhtml" xml:lang="en" lang="en">
 <head>
  <title>
</title>
<meta http-equiv="Content-Type" content="text/html;charset=utf-8" />
  <meta name='ocr-system' content='tesseract 3.04.00' />
  <meta name='ocr-capabilities' content='ocr_page ocr_carea ocr_par ocr_line ocrx_word'/>
</head>
<body>
  <div class='ocr_page' id='page_1' title='image "./dieconscientiae00muldgoog_0024.png"; bbox 0 0 3576 5650; ppageno 0'>
   <div class='ocr_carea' id='block_1_1' title="bbox 792 665 811 737">
    <p class='ocr_par' dir='ltr' id='par_1_1' title="bbox 792 665 811 737">
     <span class='ocr_line' id='line_1_1' title="bbox 792 665 811 737; baseline 0 0"><span class='ocrx_word' id='word_1_1' title='bbox 792 665 811 737; x_wconf 92' lang='grc'>5</span> 
     </span>
    </p>
   </div>
   <div class='ocr_carea' id='block_1_2' title="bbox 228 851 1371 1323">
    <p class='ocr_par' dir='ltr' id='par_1_2' title="bbox 228 851 1371 1323">
     <span class='ocr_line' id='line_1_2' title="bbox 237 851 1370 957; baseline 0.011 -34"><span class='ocrx_word' id='word_1_2' title='bbox 237 891 245 901; x_wconf 83' lang='lat'><strong>·</strong></span> <span class='ocrx_word' id='word_1_3' title='bbox 283 851 390 925; x_wconf 88' lang='lat' dir='ltr'>Deos</span> <span class='ocrx_word' id='word_1_4' title='bbox 415 877 498 927; x_wconf 88' lang='lat' dir='ltr'>esse</span> <span class='ocrx_word' id='word_1_5' title='bbox 522 852 583 928; x_wconf 92' lang='lat' dir='ltr'>vel</span> <span class='ocrx_word' id='word_1_6' title='bbox 606 853 682 927; x_wconf 93' lang='lat' dir='ltr'>vim</span> <span class='ocrx_word' id='word_1_7' title='bbox 707 854 870 953; x_wconf 84' lang='lat' dir='ltr'>aliquam</span> <span class='ocrx_word' id='word_1_8' title='bbox 890 858 1067 952; x_wconf 89' lang='lat' dir='ltr'>divinam,</span> <span class='ocrx_word' id='word_1_9' title='bbox 1083 885 1182 957; x_wconf 90' lang='lat' dir='ltr'>quae</span> <span class='ocrx_word' id='word_1_10' title='bbox 1196 862 1265 935; x_wconf 89' lang='lat' dir='ltr'>has</span> <span class='ocrx_word' id='word_1_11' title='bbox 1279 862 1370 936; x_wconf 92' lang='lat' dir='ltr'>noti-</span> 
     </span>
     <span class='ocr_line' id='line_1_3' title="bbox 229 973 1371 1081; baseline 0.011 -35"><span class='ocrx_word' id='word_1_12' title='bbox 229 997 322 1046; x_wconf 90' lang='lat' dir='ltr'>ones</span> <span class='ocrx_word' id='word_1_13' title='bbox 345 973 434 1047; x_wconf 92' lang='lat' dir='ltr'>boni</span> <span class='ocrx_word' id='word_1_14' title='bbox 458 999 503 1048; x_wconf 93' lang='lat' dir='ltr'>ac</span> <span class='ocrx_word' id='word_1_15' title='bbox 527 975 614 1049; x_wconf 92' lang='lat' dir='ltr'>mali</span> <span class='ocrx_word' id='word_1_16' title='bbox 636 977 846 1052; x_wconf 93' lang='lat' dir='ltr'>hominibus</span> <span class='ocrx_word' id='word_1_17' title='bbox 868 979 1106 1077; x_wconf 82' lang='lat' dir='ltr'>imprimeret,</span> <span class='ocrx_word' id='word_1_18' title='bbox 1131 983 1205 1056; x_wconf 91' lang='lat' dir='ltr'>iam</span> <span class='ocrx_word' id='word_1_19' title='bbox 1229 985 1371 1081; x_wconf 85' lang='lat' dir='ltr'>antiqui</span> 
     </span>
     <span class='ocr_line' id='line_1_4' title="bbox 228 1093 1371 1203; baseline 0.01 -37"><span class='ocrx_word' id='word_1_20' title='bbox 228 1093 376 1190; x_wconf 92' lang='lat' dir='ltr'>penitus</span> <span class='ocrx_word' id='word_1_21' title='bbox 404 1094 674 1190; x_wconf 87' lang='lat' dir='ltr'>intellexerunt,</span> <span class='ocrx_word' id='word_1_22' title='bbox 705 1124 819 1195; x_wconf 91' lang='lat' dir='ltr'>quam</span> <span class='ocrx_word' id='word_1_23' title='bbox 848 1102 899 1174; x_wconf 95' lang='lat' dir='ltr'>ob</span> <span class='ocrx_word' id='word_1_24' title='bbox 919 1127 1006 1174; x_wconf 83' lang='lat' dir='ltr'>rem</span> <span class='ocrx_word' id='word_1_25' title='bbox 1034 1101 1238 1202; x_wconf 82' lang='lat' dir='ltr'>neglegere</span> <span class='ocrx_word' id='word_1_26' title='bbox 1265 1104 1371 1203; x_wconf 90' lang='lat' dir='ltr'>leges</span> 
     </span>
     <span class='ocr_line' id='line_1_5' title="bbox 228 1216 1181 1323; baseline 0.014 -34"><span class='ocrx_word' id='word_1_27' title='bbox 228 1216 271 1290; x_wconf 92' lang='lat' dir='ltr'>iis</span> <span class='ocrx_word' id='word_1_28' title='bbox 300 1243 480 1316; x_wconf 89' lang='lat' dir='ltr'>magnum</span> <span class='ocrx_word' id='word_1_29' title='bbox 509 1219 545 1292; x_wconf 93' lang='lat' dir='ltr'>in</span> <span class='ocrx_word' id='word_1_30' title='bbox 575 1220 681 1294; x_wconf 90' lang='lat' dir='ltr'>Deos</span> <span class='ocrx_word' id='word_1_31' title='bbox 708 1239 904 1318; x_wconf 92' lang='lat' dir='ltr'>peccatum</span> <span class='ocrx_word' id='word_1_32' title='bbox 932 1224 1130 1300; x_wconf 89' lang='lat' dir='ltr'>videbatur</span> <span class='ocrx_word' id='word_1_33' title='bbox 1143 1228 1181 1323; x_wconf 89' lang='lat'>¹).</span> 
     </span>
    </p>
   </div>
   <div class='ocr_carea' id='block_1_3' title="bbox 228 1340 1372 1687">
    <p class='ocr_par' dir='ltr' id='par_1_3' title="bbox 228 1340 1372 1687">
     <span class='ocr_line' id='line_1_6' title="bbox 284 1340 1372 1447; baseline 0.01 -34"><span class='ocrx_word' id='word_1_34' title='bbox 284 1340 389 1414; x_wconf 90' lang='lat' dir='ltr'>Deus</span> <span class='ocrx_word' id='word_1_35' title='bbox 426 1356 495 1433; x_wconf 88' lang='lat' dir='ltr'>est,</span> <span class='ocrx_word' id='word_1_36' title='bbox 534 1343 597 1439; x_wconf 91' lang='lat' dir='ltr'>qui</span> <span class='ocrx_word' id='word_1_37' title='bbox 633 1369 699 1416; x_wconf 91' lang='lat' dir='ltr'>eos</span> <span class='ocrx_word' id='word_1_38' title='bbox 727 1344 894 1442; x_wconf 85' lang='lat' dir='ltr'>impellit,</span> <span class='ocrx_word' id='word_1_39' title='bbox 924 1361 963 1420; x_wconf 95' lang='lat' dir='ltr'>ut</span> <span class='ocrx_word' id='word_1_40' title='bbox 992 1363 1030 1421; x_wconf 91' lang='lat' dir='ltr'>et</span> <span class='ocrx_word' id='word_1_41' title='bbox 1056 1349 1306 1447; x_wconf 87' lang='lat' dir='ltr'>cogitationes</span> <span class='ocrx_word' id='word_1_42' title='bbox 1334 1365 1372 1424; x_wconf 90' lang='lat' dir='ltr'>et</span> 
     </span>
     <span class='ocr_line' id='line_1_7' title="bbox 228 1461 1371 1567; baseline 0.012 -33"><span class='ocrx_word' id='word_1_43' title='bbox 228 1461 347 1536; x_wconf 90' lang='lat' dir='ltr'>verba</span> <span class='ocrx_word' id='word_1_44' title='bbox 383 1479 422 1537; x_wconf 90' lang='lat' dir='ltr'>et</span> <span class='ocrx_word' id='word_1_45' title='bbox 456 1464 554 1538; x_wconf 85' lang='lat' dir='ltr'>lacta</span> <span class='ocrx_word' id='word_1_46' title='bbox 589 1464 774 1542; x_wconf 90' lang='lat' dir='ltr'>voluntati</span> <span class='ocrx_word' id='word_1_47' title='bbox 808 1468 892 1560; x_wconf 91' lang='lat' dir='ltr'>Dei,</span> <span class='ocrx_word' id='word_1_48' title='bbox 923 1485 1108 1567; x_wconf 89' lang='lat' dir='ltr'>quatenus</span> <span class='ocrx_word' id='word_1_49' title='bbox 1135 1497 1182 1546; x_wconf 89' lang='lat' dir='ltr'>ea</span> <span class='ocrx_word' id='word_1_50' title='bbox 1210 1473 1252 1546; x_wconf 91' lang='lat' dir='ltr'>iis</span> <span class='ocrx_word' id='word_1_51' title='bbox 1281 1488 1371 1548; x_wconf 90' lang='lat' dir='ltr'>nota</span> 
     </span>
     <span class='ocr_line' id='line_1_8' title="bbox 229 1585 787 1687; baseline 0.014 -30"><span class='ocrx_word' id='word_1_52' title='bbox 229 1599 298 1677; x_wconf 89' lang='lat' dir='ltr'>est,</span> <span class='ocrx_word' id='word_1_53' title='bbox 328 1585 527 1660; x_wconf 89' lang='lat' dir='ltr'>iudicanda</span> <span class='ocrx_word' id='word_1_54' title='bbox 554 1588 737 1664; x_wconf 91' lang='lat' dir='ltr'>subiciant</span> <span class='ocrx_word' id='word_1_55' title='bbox 749 1591 787 1687; x_wconf 72' lang='lat'>⁹).</span> 
     </span>
    </p>
   </div>
   <div class='ocr_carea' id='block_1_4' title="bbox 193 1707 1435 2912">
    <p class='ocr_par' dir='ltr' id='par_1_4' title="bbox 193 1707 1435 2664">
     <span class='ocr_line' id='line_1_9' title="bbox 266 1707 1371 1813; baseline 0.009 -33"><span class='ocrx_word' id='word_1_56' title='bbox 266 1707 338 1781; x_wconf 92' lang='lat' dir='ltr'>·Ut</span> <span class='ocrx_word' id='word_1_57' title='bbox 379 1709 481 1805; x_wconf 90' lang='lat' dir='ltr'>apud</span> <span class='ocrx_word' id='word_1_58' title='bbox 520 1709 788 1785; x_wconf 85' lang='lat' dir='ltr'>Cassiodorum</span> <span class='ocrx_word' id='word_1_59' title='bbox 825 1711 997 1813; x_wconf 77' lang='lat' dir='ltr'>legimuS,</span> <span class='ocrx_word' id='word_1_60' title='bbox 1036 1715 1179 1791; x_wconf 89' lang='lat' dir='ltr'>Variar.</span> <span class='ocrx_word' id='word_1_61' title='bbox 1218 1714 1279 1791; x_wconf 93' lang='lat' dir='ltr'>lib.</span> <span class='ocrx_word' id='word_1_62' title='bbox 1319 1717 1371 1790; x_wconf 96' lang='lat' dir='ltr'>lV</span> 
     </span>
     <span class='ocr_line' id='line_1_10' title="bbox 229 1829 1435 1934; baseline 0.011 -31"><span class='ocrx_word' id='word_1_63' title='bbox 229 1857 266 1928; x_wconf 90' lang='lat' dir='ltr'>p.</span> <span class='ocrx_word' id='word_1_64' title='bbox 303 1855 375 1924; x_wconf 91' lang='lat'>144</span> <span class='ocrx_word' id='word_1_65' title='bbox 404 1832 478 1929; x_wconf 92' lang='lat' dir='ltr'>(ed.</span> <span class='ocrx_word' id='word_1_66' title='bbox 515 1838 625 1928; x_wconf 88' lang='lat'>1656.</span> <span class='ocrx_word' id='word_1_67' title='bbox 656 1833 875 1934; x_wconf 87' lang='lat' dir='ltr'>Genevae):</span> <span class='ocrx_word' id='word_1_68' title='bbox 1432 1829 1435 1834; x_wconf 36' lang='lat'><strong>¹</strong></span> 
     </span>
     <span class='ocr_line' id='line_1_11' title="bbox 235 1950 1370 2052; baseline 0.01 -28"><span class='ocrx_word' id='word_1_69' title='bbox 235 1950 534 2047; x_wconf 77' lang='lat' dir='ltr'>„Conscientiam</span> <span class='ocrx_word' id='word_1_70' title='bbox 552 1956 766 2052; x_wconf 89' lang='lat' dir='ltr'>probamus,</span> <span class='ocrx_word' id='word_1_71' title='bbox 783 1959 840 2032; x_wconf 91' lang='lat' dir='ltr'>cui</span> <span class='ocrx_word' id='word_1_72' title='bbox 854 1959 1053 2033; x_wconf 89' lang='lat' dir='ltr'>iudicanda</span> <span class='ocrx_word' id='word_1_73' title='bbox 1066 1961 1370 2036; x_wconf 87' lang='lat' dir='ltr'>committimus.”</span> 
     </span>
     <span class='ocr_line' id='line_1_12' title="bbox 193 2075 1370 2176; baseline 0.011 -30"><span class='ocrx_word' id='word_1_74' title='bbox 193 2164 198 2172; x_wconf 24' lang='grc' dir='ltr'>ι</span> <span class='ocrx_word' id='word_1_75' title='bbox 284 2075 326 2148; x_wconf 95' lang='lat' dir='ltr'>In</span> <span class='ocrx_word' id='word_1_76' title='bbox 354 2075 487 2150; x_wconf 89' lang='lat' dir='ltr'>iudicio</span> <span class='ocrx_word' id='word_1_77' title='bbox 515 2078 586 2152; x_wconf 91' lang='lat' dir='ltr'>tria</span> <span class='ocrx_word' id='word_1_78' title='bbox 614 2079 882 2175; x_wconf 84' lang='lat' dir='ltr'>discernuntur,</span> <span class='ocrx_word' id='word_1_79' title='bbox 911 2081 987 2156; x_wconf 94' lang='lat' dir='ltr'>scil.</span> <span class='ocrx_word' id='word_1_80' title='bbox 1011 2081 1082 2174; x_wconf 87' lang='lat' dir='ltr'>lex,</span> <span class='ocrx_word' id='word_1_81' title='bbox 1107 2085 1223 2176; x_wconf 90' lang='lat' dir='ltr'>testis,</span> <span class='ocrx_word' id='word_1_82' title='bbox 1246 2085 1370 2160; x_wconf 76' lang='lat' dir='ltr'>iudeX.</span> 
     </span>
     <span class='ocr_line' id='line_1_13' title="bbox 231 2195 1372 2303; baseline 0.011 -33"><span class='ocrx_word' id='word_1_83' title='bbox 231 2195 470 2272; x_wconf 89' lang='lat' dir='ltr'>Conscientia</span> <span class='ocrx_word' id='word_1_84' title='bbox 504 2217 562 2274; x_wconf 91' lang='lat' dir='ltr'>est</span> <span class='ocrx_word' id='word_1_85' title='bbox 598 2201 696 2276; x_wconf 91' lang='lat' dir='ltr'>actio</span> <span class='ocrx_word' id='word_1_86' title='bbox 733 2204 879 2296; x_wconf 90' lang='lat' dir='ltr'>mentis,</span> <span class='ocrx_word' id='word_1_87' title='bbox 914 2205 1016 2302; x_wconf 92' lang='lat' dir='ltr'>quod</span> <span class='ocrx_word' id='word_1_88' title='bbox 1045 2231 1091 2278; x_wconf 88' lang='lat' dir='ltr'>ex</span> <span class='ocrx_word' id='word_1_89' title='bbox 1117 2206 1200 2303; x_wconf 93' lang='lat' dir='ltr'>ipsa</span> <span class='ocrx_word' id='word_1_90' title='bbox 1228 2206 1372 2282; x_wconf 90' lang='lat' dir='ltr'>ratione</span> 
     </span>
     <span class='ocr_line' id='line_1_14' title="bbox 230 2319 1371 2425; baseline 0.009 -33"><span class='ocrx_word' id='word_1_91' title='bbox 230 2319 390 2394; x_wconf 90' lang='lat' dir='ltr'>nominis</span> <span class='ocrx_word' id='word_1_92' title='bbox 426 2337 542 2420; x_wconf 90' lang='lat' dir='ltr'>patet,</span> <span class='ocrx_word' id='word_1_93' title='bbox 580 2350 656 2421; x_wconf 90' lang='lat' dir='ltr'>qua</span> <span class='ocrx_word' id='word_1_94' title='bbox 694 2325 874 2425; x_wconf 87' lang='lat' dir='ltr'>cogimur,</span> <span class='ocrx_word' id='word_1_95' title='bbox 913 2327 1039 2401; x_wconf 92' lang='lat' dir='ltr'>omnia</span> <span class='ocrx_word' id='word_1_96' title='bbox 1074 2353 1173 2425; x_wconf 90' lang='lat' dir='ltr'>quae</span> <span class='ocrx_word' id='word_1_97' title='bbox 1205 2328 1371 2420; x_wconf 85' lang='lat' dir='ltr'>facimus,</span> 
     </span>
     <span class='ocr_line' id='line_1_15' title="bbox 230 2441 1373 2549; baseline 0.008 -33"><span class='ocrx_word' id='word_1_98' title='bbox 230 2469 330 2540; x_wconf 90' lang='lat' dir='ltr'>quae</span> <span class='ocrx_word' id='word_1_99' title='bbox 362 2441 560 2542; x_wconf 83' lang='lat' dir='ltr'>loquimur,</span> <span class='ocrx_word' id='word_1_100' title='bbox 590 2444 689 2545; x_wconf 86' lang='lat' dir='ltr'>quae</span> <span class='ocrx_word' id='word_1_101' title='bbox 718 2450 928 2547; x_wconf 90' lang='lat' dir='ltr'>cogitamus</span> <span class='ocrx_word' id='word_1_102' title='bbox 956 2446 1139 2524; x_wconf 86' lang='lat' dir='ltr'>voluntati</span> <span class='ocrx_word' id='word_1_103' title='bbox 1168 2451 1253 2540; x_wconf 88' lang='lat' dir='ltr'>Dei,</span> <span class='ocrx_word' id='word_1_104' title='bbox 1283 2476 1373 2549; x_wconf 91' lang='lat' dir='ltr'>qua-</span> 
     </span>
     <span class='ocr_line' id='line_1_16' title="bbox 229 2569 1201 2664; baseline 0.008 -24"><span class='ocrx_word' id='word_1_105' title='bbox 229 2581 339 2640; x_wconf 92' lang='lat' dir='ltr'>tenus</span> <span class='ocrx_word' id='word_1_106' title='bbox 367 2592 413 2642; x_wconf 92' lang='lat' dir='ltr'>ea</span> <span class='ocrx_word' id='word_1_107' title='bbox 441 2569 549 2642; x_wconf 94' lang='lat' dir='ltr'>nobis</span> <span class='ocrx_word' id='word_1_108' title='bbox 576 2586 668 2644; x_wconf 94' lang='lat' dir='ltr'>nota</span> <span class='ocrx_word' id='word_1_109' title='bbox 696 2586 764 2664; x_wconf 86' lang='lat' dir='ltr'>est,</span> <span class='ocrx_word' id='word_1_110' title='bbox 794 2570 994 2645; x_wconf 89' lang='lat' dir='ltr'>iudicanda</span> <span class='ocrx_word' id='word_1_111' title='bbox 1022 2572 1201 2648; x_wconf 88' lang='lat' dir='ltr'>subicere.</span> 
     </span>
    </p>

    <p class='ocr_par' dir='ltr' id='par_1_5' title="bbox 231 2689 1374 2912">
     <span class='ocr_line' id='line_1_17' title="bbox 284 2689 1373 2791; baseline 0.006 -29"><span class='ocrx_word' id='word_1_112' title='bbox 284 2689 401 2784; x_wconf 82' lang='lat' dir='ltr'>Quod</span> <span class='ocrx_word' id='word_1_113' title='bbox 438 2691 615 2766; x_wconf 86' lang='lat' dir='ltr'>Amesius</span> <span class='ocrx_word' id='word_1_114' title='bbox 652 2693 729 2791; x_wconf 89' lang='lat' dir='ltr'>(De</span> <span class='ocrx_word' id='word_1_115' title='bbox 766 2694 992 2769; x_wconf 90' lang='lat' dir='ltr'>conscientia</span> <span class='ocrx_word' id='word_1_116' title='bbox 1028 2711 1066 2769; x_wconf 89' lang='lat' dir='ltr'>et</span> <span class='ocrx_word' id='word_1_117' title='bbox 1100 2695 1179 2769; x_wconf 89' lang='lat' dir='ltr'>eius</span> <span class='ocrx_word' id='word_1_118' title='bbox 1205 2695 1284 2770; x_wconf 86' lang='lat' dir='ltr'>iure</span> <span class='ocrx_word' id='word_1_119' title='bbox 1311 2694 1373 2770; x_wconf 91' lang='lat' dir='ltr'>vel</span> 
     </span>
     <span class='ocr_line' id='line_1_18' title="bbox 231 2811 1374 2912; baseline 0.008 -28"><span class='ocrx_word' id='word_1_120' title='bbox 231 2811 389 2886; x_wconf 78' lang='lat' dir='ltr'>casibus</span> <span class='ocrx_word' id='word_1_121' title='bbox 420 2841 456 2912; x_wconf 87' lang='lat' dir='ltr'>p.</span> <span class='ocrx_word' id='word_1_122' title='bbox 492 2817 526 2912; x_wconf 87' lang='lat'>1)</span> <span class='ocrx_word' id='word_1_123' title='bbox 555 2816 612 2890; x_wconf 93' lang='lat' dir='ltr'>his</span> <span class='ocrx_word' id='word_1_124' title='bbox 639 2817 764 2892; x_wconf 91' lang='lat' dir='ltr'>verbis</span> <span class='ocrx_word' id='word_1_125' title='bbox 787 2818 893 2893; x_wconf 91' lang='lat' dir='ltr'>dicit:</span> <span class='ocrx_word' id='word_1_126' title='bbox 924 2818 1185 2912; x_wconf 83' lang='lat' dir='ltr'>„Conscientia</span> <span class='ocrx_word' id='word_1_127' title='bbox 1208 2819 1374 2893; x_wconf 90' lang='lat' dir='ltr'>humana</span> 
     </span>
    </p>
   </div>
   <div class='ocr_carea' id='block_1_5' title="bbox 215 2932 1375 3158">
    <p class='ocr_par' dir='ltr' id='par_1_6' title="bbox 215 2932 1375 3158">
     <span class='ocr_line' id='line_1_19' title="bbox 215 2932 1375 3039; baseline 0.007 -33"><span class='ocrx_word' id='word_1_128' title='bbox 215 2932 431 3027; x_wconf 62' lang='lat' dir='ltr'>,iudicium</span> <span class='ocrx_word' id='word_1_129' title='bbox 472 2937 633 3013; x_wconf 90' lang='lat' dir='ltr'>hominis</span> <span class='ocrx_word' id='word_1_130' title='bbox 674 2940 722 3014; x_wconf 92' lang='lat' dir='ltr'>de</span> <span class='ocrx_word' id='word_1_131' title='bbox 763 2957 883 3016; x_wconf 91' lang='lat' dir='ltr'>semet</span> <span class='ocrx_word' id='word_1_132' title='bbox 919 2941 1013 3038; x_wconf 86' lang='lat' dir='ltr'>ipso,</span> <span class='ocrx_word' id='word_1_133' title='bbox 1053 2957 1164 3039; x_wconf 89' lang='lat' dir='ltr'>prout</span> <span class='ocrx_word' id='word_1_134' title='bbox 1199 2941 1375 3015; x_wconf 88' lang='lat' dir='ltr'>subicitur</span> 
     </span>
     <span class='ocr_line' id='line_1_20' title="bbox 238 3055 574 3158; baseline 0.015 -30"><span class='ocrx_word' id='word_1_135' title='bbox 238 3056 393 3150; x_wconf 80' lang='lat' dir='ltr'>„iudicio</span> <span class='ocrx_word' id='word_1_136' title='bbox 422 3058 496 3134; x_wconf 88' lang='lat' dir='ltr'>Dei</span> <span class='ocrx_word' id='word_1_137' title='bbox 510 3055 574 3158; x_wconf 58' lang='grc'>3).”</span> 
     </span>
    </p>
   </div>
   <div class='ocr_carea' id='block_1_6' title="bbox 223 3241 1380 4697">
    <p class='ocr_par' dir='ltr' id='par_1_7' title="bbox 223 3241 1378 3744">
     <span class='ocr_line' id='line_1_21' title="bbox 269 3241 1377 3311; baseline 0.002 -19"><span class='ocrx_word' id='word_1_138' title='bbox 269 3241 296 3310; x_wconf 90' lang='lat'>1)</span> <span class='ocrx_word' id='word_1_139' title='bbox 320 3243 353 3293; x_wconf 84' lang='lat' dir='ltr'>cf.</span> <span class='ocrx_word' id='word_1_140' title='bbox 378 3245 460 3311; x_wconf 81' lang='lat' dir='ltr'>Leist‚</span> <span class='ocrx_word' id='word_1_141' title='bbox 484 3261 510 3295; x_wconf 96' lang='lat' dir='ltr'>o.</span> <span class='ocrx_word' id='word_1_142' title='bbox 533 3245 553 3295; x_wconf 93' lang='lat' dir='ltr'>l.</span> <span class='ocrx_word' id='word_1_143' title='bbox 577 3260 604 3310; x_wconf 90' lang='lat' dir='ltr'>p.</span> <span class='ocrx_word' id='word_1_144' title='bbox 631 3253 696 3310; x_wconf 80' lang='lat'><strong>527:</strong></span> <span class='ocrx_word' id='word_1_145' title='bbox 724 3243 793 3310; x_wconf 79' lang='lat' dir='ltr'>„Die</span> <span class='ocrx_word' id='word_1_146' title='bbox 817 3243 1033 3310; x_wconf 84' lang='lat' dir='ltr'>Ueberzeugung,</span> <span class='ocrx_word' id='word_1_147' title='bbox 1057 3244 1117 3294; x_wconf 82' lang='lat' dir='ltr'>dasz</span> <span class='ocrx_word' id='word_1_148' title='bbox 1142 3245 1185 3294; x_wconf 90' lang='lat' dir='ltr'>die</span> <span class='ocrx_word' id='word_1_149' title='bbox 1209 3244 1312 3295; x_wconf 85' lang='lat' dir='ltr'>Gebote</span> <span class='ocrx_word' id='word_1_150' title='bbox 1330 3244 1377 3294; x_wconf 88' lang='lat' dir='ltr'>der</span> 
     </span>
     <span class='ocr_line' id='line_1_22' title="bbox 231 3328 1374 3397; baseline 0.001 -18"><span class='ocrx_word' id='word_1_151' title='bbox 231 3328 392 3381; x_wconf 84' lang='lat' dir='ltr'>Sittlichkeit</span> <span class='ocrx_word' id='word_1_152' title='bbox 411 3329 512 3382; x_wconf 90' lang='lat' dir='ltr'>Gebote</span> <span class='ocrx_word' id='word_1_153' title='bbox 530 3331 577 3382; x_wconf 84' lang='lat' dir='ltr'>der</span> <span class='ocrx_word' id='word_1_154' title='bbox 595 3331 688 3382; x_wconf 81' lang='lat' dir='ltr'>Gotter</span> <span class='ocrx_word' id='word_1_155' title='bbox 706 3331 787 3397; x_wconf 81' lang='lat' dir='ltr'>seien,</span> <span class='ocrx_word' id='word_1_156' title='bbox 802 3331 836 3381; x_wconf 92' lang='lat' dir='ltr'>ist</span> <span class='ocrx_word' id='word_1_157' title='bbox 851 3331 895 3381; x_wconf 91' lang='lat' dir='ltr'>ein</span> <span class='ocrx_word' id='word_1_158' title='bbox 912 3331 1126 3396; x_wconf 84' lang='lat' dir='ltr'>Grundgedanke</span> <span class='ocrx_word' id='word_1_159' title='bbox 1141 3332 1187 3382; x_wconf 88' lang='lat' dir='ltr'>des</span> <span class='ocrx_word' id='word_1_160' title='bbox 1202 3331 1374 3381; x_wconf 86' lang='lat' dir='ltr'>beidnischen</span> 
     </span>
     <span class='ocr_line' id='line_1_23' title="bbox 231 3413 1375 3487; baseline 0.002 -21"><span class='ocrx_word' id='word_1_161' title='bbox 231 3417 395 3468; x_wconf 88' lang='lat' dir='ltr'>Alterthums</span> <span class='ocrx_word' id='word_1_162' title='bbox 411 3413 558 3484; x_wconf 81' lang='lat' dir='ltr'>genesen’&#39;.</span> <span class='ocrx_word' id='word_1_163' title='bbox 574 3417 607 3468; x_wconf 80' lang='lat' dir='ltr'>cf.</span> <span class='ocrx_word' id='word_1_164' title='bbox 625 3425 758 3483; x_wconf 78' lang='lat' dir='ltr'>praeterea</span> <span class='ocrx_word' id='word_1_165' title='bbox 773 3419 929 3485; x_wconf 85' lang='lat' dir='ltr'>Mommsen,</span> <span class='ocrx_word' id='word_1_166' title='bbox 947 3420 1040 3483; x_wconf 76' lang='lat' dir='ltr'>,Rom</span> <span class='ocrx_word' id='word_1_167' title='bbox 1057 3417 1204 3487; x_wconf 79' lang='lat' dir='ltr'>Gesch.”1,</span> <span class='ocrx_word' id='word_1_168' title='bbox 1220 3418 1265 3468; x_wconf 88' lang='lat'>18:</span> <span class='ocrx_word' id='word_1_169' title='bbox 1278 3418 1375 3484; x_wconf 86' lang='lat' dir='ltr'>,wohl</span> 
     </span>
     <span class='ocr_line' id='line_1_24' title="bbox 233 3503 1378 3574; baseline 0 -19"><span class='ocrx_word' id='word_1_170' title='bbox 233 3504 315 3574; x_wconf 79' lang='lat' dir='ltr'>²,liegt</span> <span class='ocrx_word' id='word_1_171' title='bbox 333 3505 379 3555; x_wconf 86' lang='lat' dir='ltr'>der</span> <span class='ocrx_word' id='word_1_172' title='bbox 398 3505 448 3558; x_wconf 77' lang='lat' dir='ltr'>ties</span> <span class='ocrx_word' id='word_1_173' title='bbox 463 3505 578 3556; x_wconf 82' lang='lat' dir='ltr'>sittliche</span> <span class='ocrx_word' id='word_1_174' title='bbox 596 3505 652 3570; x_wconf 87' lang='lat' dir='ltr'>Zug</span> <span class='ocrx_word' id='word_1_175' title='bbox 671 3503 717 3554; x_wconf 88' lang='lat' dir='ltr'>des</span> <span class='ocrx_word' id='word_1_176' title='bbox 736 3505 890 3572; x_wconf 75' lang='lat' dir='ltr'>Menschen,</span> <span class='ocrx_word' id='word_1_177' title='bbox 909 3505 1022 3556; x_wconf 85' lang='lat' dir='ltr'>irdische</span> <span class='ocrx_word' id='word_1_178' title='bbox 1041 3505 1139 3556; x_wconf 89' lang='lat' dir='ltr'>Schuld</span> <span class='ocrx_word' id='word_1_179' title='bbox 1156 3505 1212 3556; x_wconf 88' lang='lat' dir='ltr'>und</span> <span class='ocrx_word' id='word_1_180' title='bbox 1229 3505 1313 3556; x_wconf 84' lang='lat' dir='ltr'>Strale</span> <span class='ocrx_word' id='word_1_181' title='bbox 1332 3505 1378 3555; x_wconf 80' lang='lat' dir='ltr'>aui</span> 
     </span>
     <span class='ocr_line' id='line_1_25' title="bbox 234 3591 1375 3659; baseline 0 -18"><span class='ocrx_word' id='word_1_182' title='bbox 234 3591 295 3657; x_wconf 82' lang='lat' dir='ltr'>„die</span> <span class='ocrx_word' id='word_1_183' title='bbox 320 3591 476 3642; x_wconf 74' lang='lat' dir='ltr'>Gotterwelt</span> <span class='ocrx_word' id='word_1_184' title='bbox 499 3609 530 3642; x_wconf 87' lang='lat' dir='ltr'>zu</span> <span class='ocrx_word' id='word_1_185' title='bbox 556 3591 690 3659; x_wconf 83' lang='lat' dir='ltr'>beziehen‚</span> <span class='ocrx_word' id='word_1_186' title='bbox 794 3592 830 3640; x_wconf 90' lang='lat' dir='ltr'>im</span> <span class='ocrx_word' id='word_1_187' title='bbox 855 3592 989 3644; x_wconf 83' lang='lat' dir='ltr'>innersten</span> <span class='ocrx_word' id='word_1_188' title='bbox 1008 3593 1105 3643; x_wconf 88' lang='lat' dir='ltr'>Wesen</span> <span class='ocrx_word' id='word_1_189' title='bbox 1123 3593 1190 3643; x_wconf 88' lang='lat' dir='ltr'>auch</span> <span class='ocrx_word' id='word_1_190' title='bbox 1209 3593 1255 3642; x_wconf 87' lang='lat' dir='ltr'>der</span> <span class='ocrx_word' id='word_1_191' title='bbox 1272 3591 1375 3642; x_wconf 86' lang='lat' dir='ltr'>lateini-</span> 
     </span>
     <span class='ocr_line' id='line_1_26' title="bbox 223 3677 491 3744; baseline 0.004 -17"><span class='ocrx_word' id='word_1_192' title='bbox 223 3678 321 3744; x_wconf 79' lang='lat' dir='ltr'>„schen</span> <span class='ocrx_word' id='word_1_193' title='bbox 339 3677 491 3744; x_wconf 84' lang='lat' dir='ltr'>Religion&#39;’.</span> 
     </span>
    </p>

    <p class='ocr_par' dir='ltr' id='par_1_8' title="bbox 233 3764 1375 4003">
     <span class='ocr_line' id='line_1_27' title="bbox 269 3764 1375 3833; baseline 0.002 -19"><span class='ocrx_word' id='word_1_194' title='bbox 269 3764 298 3833; x_wconf 87' lang='lat'>2)</span> <span class='ocrx_word' id='word_1_195' title='bbox 325 3765 357 3814; x_wconf 79' lang='lat' dir='ltr'>ci.</span> <span class='ocrx_word' id='word_1_196' title='bbox 387 3765 524 3832; x_wconf 80' lang='lat' dir='ltr'>Wissowa,</span> <span class='ocrx_word' id='word_1_197' title='bbox 551 3764 676 3830; x_wconf 87' lang='lat' dir='ltr'>Religion</span> <span class='ocrx_word' id='word_1_198' title='bbox 702 3765 756 3815; x_wconf 89' lang='lat' dir='ltr'>und</span> <span class='ocrx_word' id='word_1_199' title='bbox 780 3764 877 3815; x_wconf 87' lang='lat' dir='ltr'>Kultus</span> <span class='ocrx_word' id='word_1_200' title='bbox 902 3765 949 3815; x_wconf 90' lang='lat' dir='ltr'>der</span> <span class='ocrx_word' id='word_1_201' title='bbox 971 3767 1077 3833; x_wconf 59' lang='lat' dir='ltr'>Romen</span> <span class='ocrx_word' id='word_1_202' title='bbox 1102 3783 1130 3832; x_wconf 90' lang='lat' dir='ltr'>p.</span> <span class='ocrx_word' id='word_1_203' title='bbox 1154 3779 1203 3830; x_wconf 84' lang='lat'>23:</span> <span class='ocrx_word' id='word_1_204' title='bbox 1224 3767 1309 3830; x_wconf 82' lang='lat' dir='ltr'>„Dein</span> <span class='ocrx_word' id='word_1_205' title='bbox 1328 3767 1375 3816; x_wconf 88' lang='lat' dir='ltr'>Be·</span> 
     </span>
     <span class='ocr_line' id='line_1_28' title="bbox 234 3851 1375 3919; baseline 0 -18"><span class='ocrx_word' id='word_1_206' title='bbox 234 3851 389 3919; x_wconf 77' lang='lat' dir='ltr'>„dbrfnisse‚</span> <span class='ocrx_word' id='word_1_207' title='bbox 411 3852 448 3902; x_wconf 91' lang='lat' dir='ltr'>im</span> <span class='ocrx_word' id='word_1_208' title='bbox 466 3851 717 3917; x_wconf 72' lang='lat' dir='ltr'>Nttchtstliegenden</span> <span class='ocrx_word' id='word_1_209' title='bbox 736 3852 791 3901; x_wconf 92' lang='lat' dir='ltr'>und</span> <span class='ocrx_word' id='word_1_210' title='bbox 811 3851 990 3918; x_wconf 74' lang='lat' dir='ltr'>Alltitglichen</span> <span class='ocrx_word' id='word_1_211' title='bbox 1009 3853 1055 3902; x_wconf 82' lang='lat' dir='ltr'>das</span> <span class='ocrx_word' id='word_1_212' title='bbox 1074 3851 1201 3917; x_wconf 75' lang='lat' dir='ltr'>gottliche</span> <span class='ocrx_word' id='word_1_213' title='bbox 1221 3852 1326 3902; x_wconf 81' lang='lat' dir='ltr'>Walten</span> <span class='ocrx_word' id='word_1_214' title='bbox 1345 3868 1375 3901; x_wconf 88' lang='lat' dir='ltr'>zu</span> 
     </span>
     <span class='ocr_line' id='line_1_29' title="bbox 233 3937 1052 4003; baseline 0.002 -17"><span class='ocrx_word' id='word_1_215' title='bbox 233 3937 383 4003; x_wconf 78' lang='lat' dir='ltr'>„erkennen</span> <span class='ocrx_word' id='word_1_216' title='bbox 402 3937 457 3988; x_wconf 90' lang='lat' dir='ltr'>und</span> <span class='ocrx_word' id='word_1_217' title='bbox 470 3937 531 3988; x_wconf 84' lang='lat' dir='ltr'>sich</span> <span class='ocrx_word' id='word_1_218' title='bbox 549 3938 597 3987; x_wconf 84' lang='lat' dir='ltr'>mit</span> <span class='ocrx_word' id='word_1_219' title='bbox 616 3938 671 3987; x_wconf 90' lang='lat' dir='ltr'>ihm</span> <span class='ocrx_word' id='word_1_220' title='bbox 690 3938 716 3987; x_wconf 89' lang='lat' dir='ltr'>in</span> <span class='ocrx_word' id='word_1_221' title='bbox 736 3937 869 4002; x_wconf 86' lang='lat' dir='ltr'>Einklang</span> <span class='ocrx_word' id='word_1_222' title='bbox 888 3955 918 3987; x_wconf 87' lang='lat' dir='ltr'>zu</span> <span class='ocrx_word' id='word_1_223' title='bbox 937 3937 1052 3988; x_wconf 86' lang='lat' dir='ltr'>setzen”.</span> 
     </span>
    </p>

    <p class='ocr_par' dir='ltr' id='par_1_9' title="bbox 233 4022 1377 4264">
     <span class='ocr_line' id='line_1_30' title="bbox 269 4022 1376 4091; baseline 0 -17"><span class='ocrx_word' id='word_1_224' title='bbox 269 4023 298 4091; x_wconf 85' lang='lat'>3)</span> <span class='ocrx_word' id='word_1_225' title='bbox 317 4024 350 4074; x_wconf 80' lang='lat' dir='ltr'>cf.</span> <span class='ocrx_word' id='word_1_226' title='bbox 377 4025 425 4074; x_wconf 89' lang='lat' dir='ltr'>Dr.</span> <span class='ocrx_word' id='word_1_227' title='bbox 450 4026 483 4075; x_wconf 89' lang='lat' dir='ltr'>A.</span> <span class='ocrx_word' id='word_1_228' title='bbox 509 4026 628 4090; x_wconf 81' lang='lat' dir='ltr'>Kuyper‚</span> <span class='ocrx_word' id='word_1_229' title='bbox 651 4025 674 4073; x_wconf 88' lang='lat' dir='ltr'><strong>E</strong></span> <span class='ocrx_word' id='word_1_230' title='bbox 700 4025 781 4090; x_wconf 72' lang='lat' dir='ltr'>Volo,</span> <span class='ocrx_word' id='word_1_231' title='bbox 803 4025 852 4091; x_wconf 86' lang='lat'>111,</span> <span class='ocrx_word' id='word_1_232' title='bbox 877 4039 905 4088; x_wconf 89' lang='lat' dir='ltr'>p.</span> <span class='ocrx_word' id='word_1_233' title='bbox 926 4022 994 4087; x_wconf 87' lang='lat'><strong>498:</strong></span> <span class='ocrx_word' id='word_1_234' title='bbox 1024 4025 1082 4089; x_wconf 83' lang='lat' dir='ltr'>„De</span> <span class='ocrx_word' id='word_1_235' title='bbox 1101 4023 1260 4074; x_wconf 66' lang='lat' dir='ltr'>conscientie</span> <span class='ocrx_word' id='word_1_236' title='bbox 1279 4024 1302 4073; x_wconf 92' lang='lat' dir='ltr'>is</span> <span class='ocrx_word' id='word_1_237' title='bbox 1321 4023 1376 4074; x_wconf 89' lang='lat' dir='ltr'>niet</span> 
     </span>
     <span class='ocr_line' id='line_1_31' title="bbox 233 4110 1377 4178; baseline -0.001 -18"><span class='ocrx_word' id='word_1_238' title='bbox 233 4111 344 4177; x_wconf 76' lang='lat' dir='ltr'>„andeis</span> <span class='ocrx_word' id='word_1_239' title='bbox 371 4112 422 4162; x_wconf 86' lang='lat' dir='ltr'>dan</span> <span class='ocrx_word' id='word_1_240' title='bbox 447 4127 497 4161; x_wconf 90' lang='lat' dir='ltr'>een</span> <span class='ocrx_word' id='word_1_241' title='bbox 522 4111 589 4162; x_wconf 87' lang='lat' dir='ltr'>actie</span> <span class='ocrx_word' id='word_1_242' title='bbox 613 4111 643 4162; x_wconf 86' lang='lat' dir='ltr'>of</span> <span class='ocrx_word' id='word_1_243' title='bbox 665 4111 783 4177; x_wconf 85' lang='lat' dir='ltr'>werking</span> <span class='ocrx_word' id='word_1_244' title='bbox 801 4127 851 4161; x_wconf 86' lang='lat' dir='ltr'>van</span> <span class='ocrx_word' id='word_1_245' title='bbox 871 4127 919 4161; x_wconf 85' lang='lat' dir='ltr'>ons</span> <span class='ocrx_word' id='word_1_246' title='bbox 937 4110 1100 4178; x_wconf 63' lang='lat' dir='ltr'>bewustzijm</span> <span class='ocrx_word' id='word_1_247' title='bbox 1118 4116 1254 4175; x_wconf 86' lang='lat' dir='ltr'>toegepast</span> <span class='ocrx_word' id='word_1_248' title='bbox 1273 4125 1307 4174; x_wconf 92' lang='lat' dir='ltr'>op</span> <span class='ocrx_word' id='word_1_249' title='bbox 1328 4125 1377 4162; x_wconf 89' lang='lat' dir='ltr'>een</span> 
     </span>
     <span class='ocr_line' id='line_1_32' title="bbox 233 4194 1199 4264; baseline 0 -18"><span class='ocrx_word' id='word_1_250' title='bbox 233 4197 377 4264; x_wconf 85' lang='lat' dir='ltr'>„bepaalde</span> <span class='ocrx_word' id='word_1_251' title='bbox 395 4198 463 4249; x_wconf 79' lang='lat' dir='ltr'>(laad</span> <span class='ocrx_word' id='word_1_252' title='bbox 481 4197 512 4247; x_wconf 81' lang='lat' dir='ltr'>os</span> <span class='ocrx_word' id='word_1_253' title='bbox 527 4214 576 4248; x_wconf 85' lang='lat' dir='ltr'>een</span> <span class='ocrx_word' id='word_1_254' title='bbox 596 4197 709 4263; x_wconf 85' lang='lat' dir='ltr'>bepaald</span> <span class='ocrx_word' id='word_1_255' title='bbox 728 4197 784 4264; x_wconf 80' lang='lat' dir='ltr'>leit,</span> <span class='ocrx_word' id='word_1_256' title='bbox 801 4197 847 4247; x_wconf 85' lang='lat' dir='ltr'>dat</span> <span class='ocrx_word' id='word_1_257' title='bbox 865 4197 993 4261; x_wconf 87' lang='lat' dir='ltr'>zedelijke</span> <span class='ocrx_word' id='word_1_258' title='bbox 1010 4197 1075 4246; x_wconf 89' lang='lat' dir='ltr'>keur</span> <span class='ocrx_word' id='word_1_259' title='bbox 1093 4194 1199 4262; x_wconf 83' lang='lat' dir='ltr'>vroeg&#39;&#39;.</span> 
     </span>
    </p>

    <p class='ocr_par' dir='ltr' id='par_1_10' title="bbox 234 4283 1380 4697">
     <span class='ocr_line' id='line_1_33' title="bbox 267 4283 1380 4351; baseline 0.001 -18"><span class='ocrx_word' id='word_1_260' title='bbox 267 4283 301 4334; x_wconf 84' lang='lat' dir='ltr'>cf.</span> <span class='ocrx_word' id='word_1_261' title='bbox 330 4291 464 4350; x_wconf 84' lang='lat' dir='ltr'>praeterea</span> <span class='ocrx_word' id='word_1_262' title='bbox 489 4286 536 4335; x_wconf 87' lang='lat' dir='ltr'>Dr.</span> <span class='ocrx_word' id='word_1_263' title='bbox 561 4286 597 4334; x_wconf 92' lang='lat' dir='ltr'>H.</span> <span class='ocrx_word' id='word_1_264' title='bbox 623 4284 749 4351; x_wconf 81' lang='lat' dir='ltr'>Bavinck,</span> <span class='ocrx_word' id='word_1_265' title='bbox 774 4284 894 4349; x_wconf 89' lang='lat' dir='ltr'>Psychol.</span> <span class='ocrx_word' id='word_1_266' title='bbox 920 4300 947 4350; x_wconf 90' lang='lat' dir='ltr'>p.</span> <span class='ocrx_word' id='word_1_267' title='bbox 975 4296 1037 4334; x_wconf 82' lang='lat'>112:</span> <span class='ocrx_word' id='word_1_268' title='bbox 1065 4284 1141 4348; x_wconf 84' lang='lat' dir='ltr'>„Nog</span> <span class='ocrx_word' id='word_1_269' title='bbox 1165 4283 1246 4333; x_wconf 81' lang='lat' dir='ltr'>uader</span> <span class='ocrx_word' id='word_1_270' title='bbox 1264 4284 1380 4349; x_wconf 84' lang='lat' dir='ltr'>bepaald</span> 
     </span>
     <span class='ocr_line' id='line_1_34' title="bbox 234 4370 1379 4438; baseline 0 -18"><span class='ocrx_word' id='word_1_271' title='bbox 234 4371 274 4438; x_wconf 81' lang='lat' dir='ltr'>„is</span> <span class='ocrx_word' id='word_1_272' title='bbox 291 4370 309 4421; x_wconf 88' lang='lat' dir='ltr'>’t</span> <span class='ocrx_word' id='word_1_273' title='bbox 322 4379 441 4436; x_wconf 84' lang='lat' dir='ltr'>geweten</span> <span class='ocrx_word' id='word_1_274' title='bbox 460 4373 488 4422; x_wconf 87' lang='lat' dir='ltr'>in</span> <span class='ocrx_word' id='word_1_275' title='bbox 509 4371 528 4421; x_wconf 90' lang='lat' dir='ltr'>&#39;t</span> <span class='ocrx_word' id='word_1_276' title='bbox 539 4371 684 4437; x_wconf 84' lang='lat' dir='ltr'>practische</span> <span class='ocrx_word' id='word_1_277' title='bbox 703 4371 834 4437; x_wconf 80' lang='lat' dir='ltr'>verstand,</span> <span class='ocrx_word' id='word_1_278' title='bbox 853 4386 919 4438; x_wconf 85' lang='lat' dir='ltr'>geen</span> <span class='ocrx_word' id='word_1_279' title='bbox 936 4371 1062 4420; x_wconf 89' lang='lat' dir='ltr'>bizonder</span> <span class='ocrx_word' id='word_1_280' title='bbox 1080 4386 1221 4436; x_wconf 85' lang='lat' dir='ltr'>vermogen</span> <span class='ocrx_word' id='word_1_281' title='bbox 1239 4370 1308 4420; x_wconf 89' lang='lat' dir='ltr'>noch</span> <span class='ocrx_word' id='word_1_282' title='bbox 1327 4371 1379 4420; x_wconf 89' lang='lat' dir='ltr'>ook</span> 
     </span>
     <span class='ocr_line' id='line_1_35' title="bbox 234 4457 1380 4526; baseline -0.001 -18"><span class='ocrx_word' id='word_1_283' title='bbox 234 4473 300 4522; x_wconf 85' lang='lat' dir='ltr'>„een</span> <span class='ocrx_word' id='word_1_284' title='bbox 319 4459 488 4524; x_wconf 75' lang='lat' dir='ltr'>sangeboren</span> <span class='ocrx_word' id='word_1_285' title='bbox 505 4457 712 4524; x_wconf 74' lang='lat' dir='ltr'>hebbelijkhetd,</span> <span class='ocrx_word' id='word_1_286' title='bbox 731 4473 802 4508; x_wconf 83' lang='lat' dir='ltr'>maar</span> <span class='ocrx_word' id='word_1_287' title='bbox 820 4472 869 4507; x_wconf 88' lang='lat' dir='ltr'>een</span> <span class='ocrx_word' id='word_1_288' title='bbox 889 4457 1094 4508; x_wconf 81' lang='lat' dir='ltr'>werkzaamheid</span> <span class='ocrx_word' id='word_1_289' title='bbox 1112 4458 1143 4507; x_wconf 86' lang='lat' dir='ltr'>of</span> <span class='ocrx_word' id='word_1_290' title='bbox 1156 4457 1231 4526; x_wconf 71' lang='lat' dir='ltr'>daed,</span> <span class='ocrx_word' id='word_1_291' title='bbox 1246 4457 1380 4508; x_wconf 81' lang='lat' dir='ltr'>waardoor</span> 
     </span>
     <span class='ocr_line' id='line_1_36' title="bbox 234 4544 1380 4612; baseline 0 -18"><span class='ocrx_word' id='word_1_292' title='bbox 234 4560 290 4612; x_wconf 79' lang='lat' dir='ltr'>„we</span> <span class='ocrx_word' id='word_1_293' title='bbox 315 4561 380 4595; x_wconf 82' lang='lat' dir='ltr'>onze</span> <span class='ocrx_word' id='word_1_294' title='bbox 406 4545 502 4596; x_wconf 84' lang='lat' dir='ltr'>keunis</span> <span class='ocrx_word' id='word_1_295' title='bbox 528 4545 574 4595; x_wconf 88' lang='lat' dir='ltr'>der</span> <span class='ocrx_word' id='word_1_296' title='bbox 598 4546 712 4596; x_wconf 83' lang='lat' dir='ltr'>zedewet</span> <span class='ocrx_word' id='word_1_297' title='bbox 736 4545 764 4595; x_wconf 90' lang='lat' dir='ltr'>in</span> <span class='ocrx_word' id='word_1_298' title='bbox 790 4559 839 4594; x_wconf 88' lang='lat' dir='ltr'>een</span> <span class='ocrx_word' id='word_1_299' title='bbox 857 4544 971 4609; x_wconf 84' lang='lat' dir='ltr'>bepaald</span> <span class='ocrx_word' id='word_1_300' title='bbox 990 4545 1066 4610; x_wconf 85' lang='lat' dir='ltr'>geval</span> <span class='ocrx_word' id='word_1_301' title='bbox 1085 4551 1224 4612; x_wconf 88' lang='lat' dir='ltr'>toepassen</span> <span class='ocrx_word' id='word_1_302' title='bbox 1243 4560 1278 4610; x_wconf 90' lang='lat' dir='ltr'>op</span> <span class='ocrx_word' id='word_1_303' title='bbox 1297 4560 1380 4597; x_wconf 87' lang='lat' dir='ltr'>onzen</span> 
     </span>
     <span class='ocr_line' id='line_1_37' title="bbox 235 4629 1081 4697; baseline 0 -17"><span class='ocrx_word' id='word_1_304' title='bbox 235 4632 372 4696; x_wconf 78' lang='lat' dir='ltr'>„toestand</span> <span class='ocrx_word' id='word_1_305' title='bbox 390 4631 420 4681; x_wconf 80' lang='lat' dir='ltr'>oi</span> <span class='ocrx_word' id='word_1_306' title='bbox 435 4632 582 4697; x_wconf 84' lang='lat' dir='ltr'>handeliug</span> <span class='ocrx_word' id='word_1_307' title='bbox 602 4648 635 4682; x_wconf 88' lang='lat' dir='ltr'>en</span> <span class='ocrx_word' id='word_1_308' title='bbox 655 4632 715 4681; x_wconf 85' lang='lat' dir='ltr'>deze</span> <span class='ocrx_word' id='word_1_309' title='bbox 735 4631 860 4681; x_wconf 82' lang='lat' dir='ltr'>daarnaar</span> <span class='ocrx_word' id='word_1_310' title='bbox 878 4629 1081 4687; x_wconf 52' lang='lat' dir='ltr'>beoordeelen’b</span> 
     </span>
    </p>
   </div>
   <div class='ocr_carea' id='block_1_7' title="bbox 0 0 1801 5650">
    <p class='ocr_par' dir='ltr' id='par_1_11' title="bbox 0 0 1801 5650">
     <span class='ocr_line' id='line_1_38' title="bbox 0 0 1801 5650; baseline 0 0"><span class='ocrx_word' id='word_1_311' title='bbox 0 0 1801 5650; x_wconf 95' lang='lat' dir='ltr'> </span> 
     </span>
    </p>
   </div>
  </div>
 </body>
</html>
