3576 5650
986 615 1034 703 36

442 824 544 898 Curt.
577 824 661 897 Rus.
694 845 727 919 7.
766 849 795 897 r.

549 944 648 1020 Nulli
681 962 761 1020 erat
788 945 953 1036 dubium,
983 945 1071 1042 quin
1100 944 1299 1042 trepidatio
1327 945 1580 1019 conscientiae
1621 1015 1626 1020 .

549 1070 721 1143 indicium
750 1085 861 1144 esset.

443 1192 547 1266 Curt.
580 1214 613 1288 7.
647 1217 680 1266 2.
775 1241 780 1252 ·

549 1315 599 1388 Et
647 1339 878 1412 quamquam
929 1312 1154 1386 conscientia
1203 1313 1318 1388 fretus
1359 1312 1395 1386 in
1437 1328 1580 1412 regiam

549 1452 705 1512 venerat
722 1496 730 1510 .
748 1495 756 1511 .
775 1493 809 1510 ..

442 1559 526 1634 Vat.
558 1560 661 1634 Max.
697 1579 729 1654 7.
762 1562 797 1634 8.

551 1684 744 1776 Quantum
785 1680 847 1755 illo
890 1696 1083 1754 momento
1116 1679 1296 1777 temporis
1333 1680 1582 1754 conscientiae

553 1805 597 1896 (si
625 1805 739 1878 modo
768 1804 877 1895 vires,
908 1829 1001 1900 quas
1030 1804 1170 1877 habere
1199 1803 1369 1895 creditur,
1400 1804 1581 1901 possidet)

550 1955 572 2002 a
613 1929 802 2002 teterrimo
844 1927 995 2000 homine
1037 1925 1255 2024 supplicium
1300 1928 1437 2023 exegit.
1483 1927 1582 2001 Inter

550 2053 670 2148 ipsam
707 2050 806 2123 enim
839 2048 981 2123 fallacis
1009 2066 1047 2122 et
1084 2049 1252 2145 ingratae
1281 2048 1414 2147 culpae
1443 2049 1583 2146 cogita-

549 2153 709 2264 tionem,¹
745 2171 912 2271 spiritum
949 2171 1085 2269 posuit,
1125 2172 1231 2269 quasi
1273 2188 1415 2246 tortore
1456 2170 1584 2268 aliquo

552 2311 714 2370 mentem
743 2296 821 2368 eius
849 2296 947 2369 intus
975 2294 1174 2370 cruciante.

444 2418 527 2494 Val.
560 2418 662 2492 Max.
693 2443 729 2508 9.
766 2443 822 2490 11.

552 2543 663 2615 Unde
688 2557 813 2615 autem
836 2541 959 2638 potius
984 2566 1098 2637 quam
1119 2567 1142 2614 a
1165 2540 1288 2614 Tullio
1313 2541 1457 2615 ordiar?
1483 2539 1585 2635 Quia

550 2680 720 2762 tempore
774 2663 1065 2739 vetustissimum
1114 2665 1340 2738 conscientia
1389 2665 1584 2756 nefarium,

550 2813 646 2876 voce
669 2786 879 2884 improbum
904 2812 948 2861 ac
971 2788 1125 2861 monstri
1150 2785 1267 2861 simile
1281 2786 1494 2885 exemplum
1512 2802 1584 2862 est.

444 2910 529 2984 Val.
561 2910 665 2984 MaX.
698 2936 733 3003 9.
769 2935 825 2983 11.

552 3035 728 3129 Quem..
749 3093 781 3107 ..
812 3033 1063 3107 conscientiae
1090 3032 1246 3106 stimulis
1274 3049 1412 3108 actum.

445 3155 597 3252 Quintil.
628 3158 716 3229 lnst.
748 3156 813 3230 Or.
847 3179 881 3250 5.
913 3162 947 3230 6.

343 3263 347 3272 ’
551 3280 676 3352 Adicit
709 3305 755 3352 ex
790 3278 994 3352 abundanti
1024 3279 1121 3353 hanc
1149 3304 1302 3376 quoque
1330 3276 1584 3351 conscientiae

551 3426 642 3474 suae
670 3400 856 3474 fiduciam.

446 3526 533 3599 Inst.
565 3523 630 3596 Or.
663 3545 697 3616 5.
734 3548 790 3596 11.

499 3669 502 3678 ¹
552 3644 790 3719 Conscientia
819 3643 917 3718 mille
950 3661 1076 3720 testes.

445 3770 532 3843 Inst.
565 3768 629 3842 Or.
663 3791 696 3863 5.
734 3793 793 3862 13.

552 3891 630 3964 Nisi
667 3888 726 3964 illa
764 3890 873 3965 sciret
901 3916 992 3965 vera
1020 3917 1103 3965 esse
1132 3905 1170 3964 et
1197 3891 1246 3963 ad
1275 3890 1467 3964 fatendum
1496 3914 1585 3963 con-

550 4013 704 4088 scientia
733 4028 832 4086 esset
859 4013 1050 4111 impulsus,

445 4137 533 4211 Inst.
565 4137 630 4210 Or.
669 4160 724 4208 11.
763 4161 792 4208 1.

311 4331 316 4340 ,
549 4258 625 4331 Sed
654 4259 690 4330 in
717 4258 816 4331 veris
844 4283 996 4355 quoque
1025 4257 1159 4331 sufficit
1187 4256 1424 4332 conscientia.

444 4379 551 4454 Decl.
584 4387 671 4473 306.

551 4503 638 4577 Non
667 4504 932 4578 conscientiam
961 4520 1127 4578 nostram
1157 4518 1319 4602 temptat
1348 4503 1588 4577 adversarius

551 4627 618 4699 sed
645 4628 921 4702 verecundiam.
