3576 5650
762 571 807 644 55

244 761 384 864 ,Quod
420 778 459 836 et
493 761 646 836 Servius
674 777 793 860 putat,
823 763 1011 837 adnotans
1040 762 1156 862 Verg.
1187 762 1287 838 Aen.
1320 768 1354 840 8.

218 872 313 978 349⁵:
355 884 421 973 „Id
457 900 515 959 est
553 901 686 976 metus,
727 885 775 959 ab
800 911 847 958 eo
874 886 976 982 quod
999 894 1154 960 mentem
1182 885 1356 984 religel''.

215 1004 338 1079 Multa
352 1023 449 1096 sunt,
463 1033 561 1105 quae
576 1007 783 1082 admonent
797 1033 931 1082 vocem
946 1008 1166 1105 religionem
1181 1034 1266 1081 cum
1278 1033 1357 1082 ver·

214 1127 265 1200 bo
285 1129 389 1225 quod
413 1145 470 1204 est
492 1130 663 1228 religare
681 1130 884 1205 cohaerere
900 1146 1014 1229 atque
1029 1132 1078 1205 ab
1094 1131 1229 1205 eadem
1243 1131 1357 1228 stirpe

214 1265 335 1324 ortam
360 1277 460 1355 esse
481 1252 597 1347 Quod
621 1252 787 1327 nonnulli
809 1269 963 1349 negant,
988 1253 1166 1346 dicenteS,
1190 1253 1221 1327 si
1235 1253 1287 1327 ita
1303 1279 1357 1327 es·

215 1389 283 1465 set,
311 1399 386 1448 non
402 1375 624 1474 religionem
639 1376 708 1449 sed
723 1375 986 1473 religationem
1002 1372 1190 1474 postulari.
1210 1374 1357 1449 Vocem

214 1497 436 1595 religionem
457 1523 549 1578 vero
574 1498 816 1597 areligondo
840 1498 924 1572 duci
948 1523 1189 1595 nequaquam
1204 1522 1357 1572 necesse

215 1635 285 1712 est,
324 1619 504 1717 quoniam
536 1646 560 1694 a
587 1620 759 1695 breviore
787 1620 903 1719 stirpe
931 1621 1091 1696 derivari
1119 1619 1249 1717 possit,
1278 1617 1354 1694 scil.

167 1825 169 1828 ,
215 1768 238 1816 a
266 1743 394 1838 stirpe,
424 1768 522 1839 quae
551 1756 609 1816 est
637 1743 705 1842 lig,
734 1743 882 1835 eadem,
913 1769 1012 1840 quae
1040 1743 1076 1816 in
1104 1767 1200 1816 voce
1228 1741 1358 1816 lictore

215 1865 402 1939 invenitur
412 1865 451 1961 1).
527 1953 532 1964 ς

268 1987 319 2061 Et
356 1985 481 2082 plures
517 2012 644 2079 voces,
685 2012 785 2084 quae
821 1988 858 2060 in
901 1985 981 2077 „io”
1026 1985 1200 2060 desinunt
1241 2000 1357 2082 atque

215 2109 418 2183 cohaerent
442 2135 526 2182 cum
550 2109 675 2183 verbis
699 2109 735 2182 in
764 2109 878 2200 „are”
903 2108 1168 2201 desinentibus
1193 2107 1356 2183 aradiee

215 2232 389 2306 breviore
416 2247 502 2306 sunt
530 2232 734 2306 derivatae.

271 2354 472 2427 Praeterea
500 2379 646 2447 vocem,
676 2379 776 2451 quae
799 2371 857 2428 est
877 2353 1021 2452 religio,
1046 2355 1248 2430 sescenties
1272 2377 1357 2428 con·

215 2476 381 2549 iunctam
405 2477 614 2550 invenimus
637 2503 722 2551 cum
745 2477 881 2569 verbis,
899 2501 997 2574 quae
1011 2493 1109 2569 sunt,
1120 2475 1251 2575 ligare,
1267 2474 1356 2550 obli-

137 2687 140 2691 ,
215 2623 320 2695 gare,
358 2596 517 2690 solvere,
556 2596 764 2687 exsolvere,
803 2597 970 2697 alligare,
1008 2599 1254 2698 adstringere,
1292 2601 1357 2674 ob-

214 2720 410 2816 stringere,
439 2720 631 2818 impedire,
662 2721 822 2796 trahere.

267 2842 383 2940 Apud
412 2842 633 2917 Ciceronem
663 2869 749 2942 eg.
779 2843 939 2943 legimus
966 2843 1003 2917 in
1033 2843 1214 2937 oratione,
1240 2871 1354 2942 quam

214 2965 346 3039 habuit
377 2965 589 3054 „dedomo
618 2965 710 3040 sua”
746 2991 839 3060 124:

272 3089 397 3178 „Num
436 3114 513 3186 qua
548 3089 660 3186 igitur
694 3089 725 3163 is
753 3090 855 3164 bona
887 3087 1034 3165 Lentuli
1065 3090 1248 3188 religione
1268 3090 1356 3164 obli·

220 3210 420 3310 „gavit”⁹).

269 3331 385 3431 Apud
410 3334 580 3410 Gellium·
588 3336 723 3411 eodem
738 3334 835 3426 loco,
852 3361 963 3433 quem
979 3361 1093 3434 supra
1105 3333 1353 3429 laudavimus,

214 3456 308 3531 haec
335 3458 454 3533 verba
476 3459 730 3534 inveniuntur:
758 3459 982 3557 „religiosus
995 3460 1021 3556 8)
1046 3459 1077 3533 is
1094 3457 1356 3558 appellabatur
1453 3447 1457 3456 ⁵

253 3732 278 3798 1)
302 3732 335 3784 cs.
354 3733 480 3784 Zeitschr.
498 3733 541 3782 fiir
557 3733 706 3799 Vergleicb.
726 3732 844 3798 Sprachs.
868 3742 899 3795 4e
913 3734 943 3782 Β.
962 3749 988 3798 p.
998 3746 1064 3796 449:
1077 3732 1182 3798 „Soviel
1192 3733 1299 3783 konnen
1310 3734 1357 3784 vvir

216 3819 288 3885 „also
303 3818 368 3884 jetzt
386 3819 434 3870 mit
453 3820 646 3896 Bestimmtlreit
665 3836 754 3886 sagea,
772 3820 818 3870 das
836 3819 903 3870 auch
921 3819 1014 3884 religio
1032 3817 1071 3871 oft
1086 3835 1151 3885 ganz
1166 3819 1213 3868 mit
1228 3819 1355 3885 obligatio

216 3906 451 3972 „ilbereinstimmt,
475 3906 535 3956 dasz
558 3906 652 3972 religio
677 3906 815 3976 derselbep
840 3905 945 3956 Wurzel
968 3905 1105 3973 angehbrt,
1129 3905 1177 3956 wie
1201 3904 1281 3970 ligare
1300 3906 1354 3956 und
1376 3935 1380 3942 ·

216 3993 276 4058 „lex
294 3994 350 4043 und
368 3993 553 4059 ursprttnglich
571 3994 617 4044 das
637 3994 784 4046 Gebunden
803 3994 860 4044 sein
879 3992 1030 4044 bedeutet”.

241 4079 278 4148 2)
296 4079 330 4130 cs.
349 4088 484 4146 praeterea
502 4081 558 4130 Cic.
577 4081 651 4130 Verr.
669 4094 697 4143 4,
717 4093 781 4148 1¹33
801 4083 857 4131 Att.
877 4095 917 4133 12.
934 4092 983 4148 433
1003 4081 1075 4130 Fam.
1085 4094 1110 4143 4.
1130 4093 1174 4148 ¹25
1194 4079 1254 4130 Liv.
1273 4092 1354 4148 2323

214 4167 240 4218 ⁶·
262 4181 290 4234 ¹5
309 4179 335 4230 7·
356 4179 386 4233 33
407 4167 431 4222 8·
452 4159 547 4234 93'26·
565 4167 616 4234 483
636 4180 679 4231 29·
701 4167 746 4235 183
765 4177 809 4233 4⁵·
831 4168 871 4219 18·

250 4254 279 4318 3)
299 4255 392 4304 Festus
411 4253 465 4320 (ed.
484 4254 582 4303 Mtiller
600 4271 627 4319 p.
646 4253 711 4321 278)
730 4254 763 4304 de
782 4270 855 4321 voce,
876 4269 943 4324 quae
962 4261 1001 4304 est
1021 4253 1167 4320 religiosus,
1188 4254 1253 4304 haec
1263 4254 1354 4304 refert:

216 4341 383 4405 „Religiosus
402 4347 515 4389 estnon
533 4341 612 4390 modo
631 4341 739 4390 deorum
758 4341 922 4391 sanctitatem
941 4341 1028 4405 magui
1047 4341 1195 4406 aestimans,
1212 4340 1258 4390 sed
1275 4342 1353 4391 etiam

216 4428 363 4493 „officiosus
391 4427 514 4477 adversus
538 4426 684 4477 homines.”
704 4428 853 4477 Macrobius
871 4427 908 4493 (3.
932 4426 998 4494 ro.):
1020 4427 1184 4492 „Secundum
1203 4427 1356 4492 Pompeium

217 4515 342 4578 „Festum
369 4513 487 4577 religiosi
515 4521 575 4564 sunt
604 4513 649 4578 qui
678 4513 798 4563 iacienda
825 4521 851 4562 et
879 4514 985 4563 vitanda
1003 4513 1181 4564 discernunt.''
1200 4514 1255 4564 lam
1272 4512 1366 4565 leviter

214 4602 294 4652 hosce
313 4601 386 4650 locos
403 4601 523 4650 laudatos
542 4602 748 4666 perstringentes
767 4601 888 4668 vidimus,
904 4617 994 4651 vocem
1009 4602 1157 4666 religiosum
1173 4600 1250 4650 latius
1267 4606 1355 4665 patere
