3576 5650
1019 566 1064 634 16

470 769 577 848 Decl.
608 772 698 847 Mai.
731 777 764 846 8.
798 791 831 866 7.

465 919 472 932 ·
576 896 616 970 Si
658 921 719 968 me
756 892 925 968 hercules
962 895 1019 968 sas
1060 911 1118 970 est
1159 896 1371 988 aestimare,
1414 897 1486 970 utri
1528 896 1614 995 plus

575 1017 719 1115 parenti
748 1017 930 1092 debeatur
958 1043 1005 1092 ex
1034 1016 1158 1092 liberis
1187 1044 1262 1092 non
1292 1018 1462 1116 improbe
1489 1033 1614 1093 totam

576 1155 803 1238 potestatem
840 1139 909 1212 sibi
943 1139 1147 1215 vindicabit
1174 1140 1355 1232 adlectus¹
1386 1141 1448 1238 qui
1477 1142 1613 1214 decem

575 1263 764 1336 mensibus
791 1277 881 1336 ante
908 1276 1073 1336 vestram
1101 1263 1226 1359 incipit
1254 1262 1410 1362 diligere
1438 1263 1611 1336 notitiam

574 1401 623 1476 et,
667 1411 750 1458 cum
793 1410 862 1458 vos
904 1365 1030 1480 palres
1071 1383 1251 1482 gaudium
1293 1385 1453 1480 primum
1496 1385 1612 1458 faciat

575 1506 779 1597 oculorum,
809 1521 897 1580 ante
925 1523 1010 1580 sunt
1038 1507 1263 1581 conscientia
1292 1523 1441 1581 matres

470 1628 577 1704 Decl.
607 1629 694 1703 Mai.
726 1656 760 1722 9.
795 1650 828 1724 7.

575 1751 625 1826 Et
654 1753 740 1825 mihi
770 1778 853 1826 cum
881 1754 1031 1852 generis
1058 1751 1298 1827 conscientia.

465 1872 577 1949 Decl.
608 1873 698 1947 Mai.
736 1896 792 1970 17.
829 1901 885 1950 11.

575 1997 804 2094 Totumque,
840 2000 942 2096 quod
975 1999 1124 2089 iaciunt,
1158 1997 1206 2070 de
1238 1996 1465 2070 conscientia
1493 1997 1613 2094 possi-

575 2119 697 2192 dentis
725 2120 919 2217 accipiunt.

468 2241 622 2315 Tertull.
654 2241 769 2338 Apol.
803 2269 862 2334 29.

576 2362 615 2436 Si
657 2363 830 2461 denique,
874 2368 976 2463 quod
1028 2366 1064 2440 in
1107 2383 1232 2441 vestra
1274 2364 1499 2441 conscientia
1540 2380 1612 2454 est,

427 2584 429 2588 ι
577 2487 711 2559 mortui
738 2486 846 2561 vivos
874 2503 1034 2563 tuentur.

471 2608 583 2706 Apol.
617 2633 677 2702 34.

575 2732 675 2826 Quia
704 2759 818 2807 verae
846 2732 1034 2831 religionis
1064 2735 1235 2807 homines
1263 2735 1376 2808 etiam
1415 2730 1611 2805 sollemnia

574 2880 703 2927 eorum
727 2855 953 2929 conscientia
970 2857 1093 2953 potius
1109 2883 1222 2955 quam
1238 2855 1389 2930 lascivia
1404 2853 1607 2928 celebrant.

469 2975 581 3073 Apol.
615 3002 674 3070 39·
1335 3057 1340 3066 .

575 3099 723 3197 Corpus
760 3126 887 3173 sumus
922 3101 970 3175 de
1007 3101 1232 3175 conscientia
1260 3099 1447 3196 religionis
1474 3114 1513 3172 et
1539 3099 1610 3171 dis-

574 3220 732 3319 ciplinae
767 3223 920 3297 unitate.
958 3224 1067 3322 (door
1094 3225 1159 3298 het
1186 3223 1401 3321 bewustzijn
1429 3247 1503 3295 van
1533 3222 1607 3295 den

575 3345 806 3441 godsdienst,
837 3346 896 3420 die
925 3372 993 3420 ons
1021 3362 1191 3420 tezamen
1220 3346 1354 3443 bindt.)

468 3466 571 3539 Tert.
602 3466 687 3538 adv.
720 3467 836 3541 Marc.
871 3493 902 3542 2.
938 3475 997 3543 26.

577 3588 677 3682 Quid
706 3587 833 3682 velleS,
864 3591 1014 3684 faceret,
1043 3592 1073 3665 si
1102 3590 1194 3666 alius
1222 3594 1314 3666 deus
1345 3616 1419 3664 non
1458 3605 1538 3664 erat
1572 3591 1609 3663 in

1263 3714 1488 3788 conscientia
1517 3713 1597 3786 eius

407 3811 411 3818 ⁸
469 3822 516 3894 de
543 3818 714 3917 Spectac.
749 3845 783 3915 3.

576 3943 661 4018 Hac
690 3942 914 4017 conscientia
944 3943 1117 4018 instructi.

468 4064 527 4140 ad'.
560 4067 646 4140 Nat.
682 4093 714 4140 2.
747 4094 781 4160 9.
880 4061 886 4072 ’

574 4189 813 4262 Conscientia
840 4189 1096 4264 deformitatis

467 4312 514 4384 de
543 4311 646 4384 Test.
677 4337 737 4384 an.
770 4317 804 4384 6.

520 4465 522 4469 ’
573 4433 675 4507 Mors
717 4433 854 4530 ubique
893 4450 930 4509 et
964 4435 1189 4510 conscientia
1226 4437 1354 4511 mortis
1391 4435 1528 4532 ubique
1567 4452 1607 4510 et

454 4619 456 4624 ,
572 4555 837 4630 testimonium.
