3576 5650
915 545 964 636 58

311 743 314 750 ⁵
375 755 543 846 „animus
575 769 613 830 et
642 755 830 853 quaedam
858 754 1003 854 religio,
1033 773 1132 855 quae
1159 753 1209 828 illi
1237 752 1517 854 prudentissimi

375 879 463 968 „viri
491 875 637 975 publice
665 877 900 975 suscipienda
927 878 1149 969 censuerint,
1180 902 1226 950 ea
1254 902 1323 974 pro
1351 875 1516 974 indignis

374 1001 547 1096 „habere‚
576 1009 674 1098 quae
702 1001 738 1074 in
769 1026 874 1074 meos
902 1000 1058 1075 annales
1085 999 1286 1076 referam.'’

424 1123 625 1218 Quaedam
662 1122 791 1222 religio
828 1123 974 1198 Livium
1012 1139 1128 1216 tenet,
1166 1148 1265 1221 quae
1293 1122 1410 1196 verba
1438 1147 1516 1196 res·

370 1246 539 1343 pondent
567 1245 714 1333 nostris,
750 1245 840 1344 „zijn
870 1246 1065 1321 historisch
1093 1262 1266 1346 geweten
1296 1244 1517 1319 weerhoudt

370 1367 496 1444 hem.’'
522 1367 583 1442 Sic
607 1367 743 1442 Plinius
762 1370 811 1444 de
825 1367 1011 1443 avunculo
1031 1370 1125 1443 haec
1139 1368 1252 1443 tradit
1268 1369 1353 1465 (Ep.
1373 1371 1406 1442 8.
1430 1370 1514 1464 16):

375 1490 620 1580 „Avunculus
636 1548 644 1565 .
663 1551 671 1566 .
690 1549 724 1567 ..
761 1491 934 1566 historias
969 1506 1008 1567 et
1047 1491 1201 1590 quidam
1238 1489 1517 1589 religiosissime

377 1612 580 1710 „scripsit”

428 1734 545 1832 Apud
567 1735 647 1810 Liv.
674 1735 753 1832 (21.
779 1737 831 1833 4.)
846 1734 1028 1832 legimus:
1049 1733 1172 1825 „Nihil
1188 1735 1278 1828 veri,
1295 1732 1381 1808 nihil
1397 1735 1517 1809 sancti

376 1855 640 1954 „nullusdeum
652 1873 774 1932 metus
786 1857 1329 1962 ‚nullumiusiurandummulln
1337 1855 1516 1956 relzgz'o.”

371 1981 430 2055 Ex
451 1980 711 2055 coniunctione
734 1981 935 2055 verborum
958 1981 1048 2054 satis
1074 1995 1244 2079 apparet,
1270 1980 1398 2072 verba,
1415 2005 1517 2077 quae

370 2120 456 2177 sunt
497 2104 631 2192 „nulla
659 2102 834 2202 relzgzo,'’
866 2103 1007 2201 optime
1036 2101 1131 2177 verti
1158 2128 1271 2200 posse
1304 2102 1518 2200 „nolslagen

297 2279 299 2284 -
364 2223 724 2324 gewetenlooslzeid.”

426 2345 513 2421 Alio
545 2346 630 2452 loco
660 2347 762 2444 apud
793 2348 873 2422 Liv.
905 2345 1041 2446 legitur
1063 2348 1141 2444 (23.
1171 2349 1265 2445 11.):
1296 2347 1380 2438 „Se,
1403 2372 1519 2446 quae-

379 2496 561 2567 „cumque
598 2471 797 2568 impetrata
829 2472 913 2563 sint,
950 2497 1032 2544 cum
1066 2497 1216 2545 summa
1251 2471 1435 2570 religione
1470 2495 1518 2545 ac

383 2592 596 2691 „diligentia
624 2592 880 2670 exsecutum.”

434 2716 555 2810 „Cum
583 2742 729 2790 summa
758 2715 966 2820 relzgione''
995 2716 1219 2790 vertendum
1248 2732 1305 2790 est
1338 2732 1437 2805 „met
1465 2715 1517 2790 de

373 2833 521 2936 'grootst
562 2837 766 2937 mogelijke
812 2839 1178 2937 „nauwgezetheid”
1222 2837 1516 2932 „Gewissenhaf-

371 2959 540 3059 tigkeit.'’
572 2960 703 3035 Cicero
726 2962 763 3035 in
787 2962 968 3054 oratione,
994 2988 1108 3059 quam
1132 2961 1261 3035 habuit
1283 2986 1353 3058 pro
1374 2961 1517 3035 Archia

373 3098 499 3181 poeta,
528 3083 615 3157 dicit
642 3085 690 3158 de
721 3085 773 3158 M.
806 3082 959 3158 Lucullo
988 3085 1068 3159 viro
1102 3108 1270 3194 „summa
1292 3084 1516 3158 auctoritate

380 3221 439 3299 „et
456 3204 636 3302 religione
660 3221 698 3280 et
726 3205 838 3281 fide.”
867 3205 1044 3281 Zurckius
1072 3207 1167 3299 voci,
1197 3232 1296 3304 quae
1324 3221 1381 3280 est
1414 3205 1517 3295 „reli-

372 3326 512 3425 gione”
548 3344 648 3401 recte
685 3328 842 3403 adnotat
875 3329 991 3417 „haec
1018 3345 1075 3402 est
1102 3327 1218 3426 vulgo
1247 3327 1514 3402 conscientia.''

428 3449 635 3523 Identidem
651 3450 781 3524 dicitur
795 3451 897 3550 apud
912 3452 1111 3549 scriptores
1126 3450 1261 3525 latinos
1274 3451 1318 3525 de
1332 3451 1517 3550 religione

374 3570 553 3664 iudicum,
582 3572 630 3646 de
659 3572 842 3648 iudicibus
869 3574 1101 3673 relzgriosis1)
1125 3599 1158 3648 e.
1184 3599 1221 3671 g.
1248 3574 1349 3670 apud
1375 3572 1515 3647 Gaium

374 3693 528 3792 (Rerum
574 3695 859 3770 cottidianarum
908 3697 987 3770 sive
1028 3722 1239 3784 aureorum,
1278 3695 1301 3770 l.
1341 3718 1374 3790 5.
1415 3698 1438 3793 ἓ
1475 3721 1513 3790 4.

374 3817 428 3926 D.
476 3817 522 3891 cf.
574 3817 763 3893 Karlowa.
814 3821 927 3893 Rom.
972 3819 1256 3919 Rechtsgesch.,
1300 3846 1336 3917 p.
1386 3820 1514 3916 135)

412 4153 437 4221 1)
455 4155 489 4204 cf.
509 4155 563 4204 Cic.
584 4171 632 4219 pro
652 4154 729 4204 Font.
751 4167 791 4216 14.
812 4167 860 4218 31:
881 4154 964 4218 „Cum
982 4153 1024 4203 his
1045 4169 1092 4203 vos
1111 4153 1219 4203 testibus
1239 4160 1350 4204 vestram
1360 4153 1516 4219 religionem

376 4241 574 4308 „coniungetis''.
591 4243 673 4292 Recte
690 4242 864 4308 Nagelsbach,
887 4243 944 4291 Lat.
964 4239 1055 4292 Stilist.
1078 4258 1105 4305 p.
1128 4251 1193 4305 574:
1210 4241 1278 4306 „Mit
1294 4241 1392 4290 diesem
1407 4242 1514 4307 Zeugen

376 4328 456 4394 „wird
475 4343 536 4377 cuer
556 4329 691 4378 Gewissen
709 4329 883 4392 gemeinsame
903 4327 985 4378 Sache
1004 4327 1139 4376 machen.''

410 4414 514 4463 Deinde
530 4414 562 4463 cf.
579 4415 670 4476 Quint.
686 4416 751 4464 Inst.
767 4416 813 4464 Or.
824 4415 848 4464 6.
862 4429 884 4465 1.
896 4429 943 4467 20:
955 4415 1107 4479 „Cautiores
1117 4414 1150 4464 ad
1160 4414 1304 4464 custodiam
1314 4414 1447 4480 religionis
1454 4430 1517 4466 suae

376 4500 490 4566 „iudiccs
513 4499 607 4566 sacit”3
634 4508 767 4565 praeterea
792 4502 825 4551 cf.
850 4502 900 4551 Iul.
926 4502 1009 4551 Paull.
1036 4501 1107 4551 Sent.
1133 4502 1166 4551 V.
1193 4511 1235 4568 5a,
1257 4515 1288 4551 ιο
1304 4501 1358 4568 (ed.
1379 4501 1514 4570 Huschke,

375 4588 481 4651 Iurispr.
502 4586 653 4652 Anteiust.).
764 4611 768 4620 ·
