3528 5644
951 561 1000 638 70

408 769 486 852 »ζον
510 761 552 849 εἰς
574 756 711 861 γένεσιν,
732 755 808 861 ὅπερ
831 757 895 834 ἐστὶ
920 763 1049 860 πνεῦμα
1072 755 1235 860 πνροειδές
1258 761 1315 833 καὶ
1329 754 1544 860 τεχνοειδές”.

454 880 572 970 Deus
602 895 747 970 natura,
777 878 872 977 ignis
901 893 958 952 cst
985 877 1205 952 artificiosus
1232 878 1281 951 ad
1308 878 1541 976 gignendum

402 1001 648 1099 progrediens
673 1002 752 1094 via3
778 1025 801 1074 a
825 1000 1002 1100 Diogene
1021 1016 1059 1074 et
1076 998 1261 1074 Cleanthe
1277 999 1401 1074 anima
1417 1002 1544 1075 mundi

401 1138 557 1197 vocatur
603 1123 725 1221 (Stob.
769 1121 847 1197 Ecl.
904 1147 933 1196 1.
975 1125 1052 1220 56),
1093 1148 1116 1195 a
1156 1122 1358 1196 Posidonio
1395 1123 1544 1220 spiritus

402 1247 544 1349 (maipa
571 1245 679 1347 νοερὸν
707 1251 765 1323 καὶ
793 1248 951 1349 πυρῶδες)
981 1245 1043 1342 qui
1073 1244 1198 1318 omnia
1227 1260 1402 1342 penetrat
1429 1260 1544 1344 atque

401 1367 509 1466 regit.
535 1367 621 1465 Ipse
645 1367 737 1440 deus
760 1383 818 1441 est
841 1365 913 1460 lert,
945 1374 984 1462 „o‘
1006 1370 1106 1470 νόμος
1132 1374 1151 1443 ὁ
1172 1367 1291 1468 κοινὸς,
1314 1365 1408 1474 ὅσπερ
1430 1370 1546 1447 ἐστὶνὸ

409 1489 520 1594 ῃόρθὸς
547 1489 658 1593 λόγος,
686 1484 743 1568 διὰ
771 1485 899 1568 πάντων
928 1488 1117 1594 ἐρχόμενος,
1145 1495 1164 1566 ὁ
1190 1485 1287 1580 αὐτὸς
1314 1485 1358 1565 ὤν
1379 1504 1424 1598 τῷ
1456 1488 1543 1568 Διί.”

403 1611 532 1709 (Diog.
564 1611 688 1685 Laert.
722 1632 755 1706 7.
787 1613 863 1708 88).

456 1733 618 1808 Animae
658 1733 847 1807 humanae
883 1748 970 1806 sunt
1005 1747 1132 1829 partes
1169 1732 1281 1806 divini
1318 1733 1468 1831 spiritus
1506 1734 1542 1808 in

405 1881 540 1954 corpus
577 1856 782 1929 humanum
812 1880 971 1946 mersae,
1007 1865 1178 1958 ,συναφεῖς
1205 1869 1247 1960 τῷ
1276 1861 1334 1962 θεῷ
1363 1850 1418 1935 οἵτε
1447 1853 1547 1935 αὑτοῦ

403 1979 503 2084 μόρια
532 1964 626 2058 οὖσαν
655 1980 712 2056 καὶ
741 1975 1012 2082 οἷποσποίσματα”
1043 1979 1179 2076 (Epict.
1210 1978 1309 2053 Diss
1346 2002 1377 2053 1.
1408 2004 1466 2072 14.
1493 1982 1543 2077 6).

405 2101 465 2174 Ex
510 2116 636 2174 mente
671 2100 797 2174 divina
838 2101 945 2197 quasi
979 2101 1144 2198 decerpti
1180 2126 1320 2174 sumus.
1363 2100 1422 2194 (cf.
1466 2101 1544 2178 Cic.

404 2223 515 2298 Tusc.
547 2222 639 2321 disp.
672 2245 706 2317 5.
740 2223 815 2318 38).

461 2346 704 2442 Quamquam
742 2344 857 2418 Stoici
893 2344 1036 2440 priores
1074 2359 1190 2442 atque
1231 2345 1457 2442 posteriores
1497 2346 1546 2419 de

406 2483 540 2542 natura
577 2467 725 2541 animae
762 2468 1026 2558 dissenserunt,
1065 2493 1197 2542 omnes
1229 2467 1301 2540 hac
1328 2468 1363 2541 in
1392 2494 1433 2542 re
1461 2494 1545 2544 con·

406 2591 545 2682 cinunt‚
583 2590 772 2686 sapientes
809 2615 856 2663 eo
892 2590 1060 2678 tendere,
1099 2605 1139 2664 ut
1174 2615 1360 2664 memores
1394 2591 1546 2690 originis

406 2737 500 2786 suae
525 2717 608 2806 „Oroi
629 2713 665 2804 ἐξ
689 2710 884 2816 α’νθρῶπον”
911 2711 1022 2807 fiant3
1048 2712 1264 2811 proleptice‚
1289 2727 1330 2786 ut
1345 2713 1396 2786 ita
1411 2713 1544 2805 dicam,

407 2835 466 2909 hic
495 2833 667 2908 illiciam
696 2835 746 2907 dii
774 2835 1013 2908 nominantur
1040 2835 1176 2932 (Epict.
1206 2835 1292 2910 diss.
1321 2860 1355 2911 2.
1384 2856 1441 2930 17.
1469 2837 1545 2934 33).

462 2957 593 3030 Partes
613 2955 726 3029 divini
750 2956 897 3053 spiritus
922 2982 1005 3029 cum
1029 2956 1154 3047 simun,
1178 2957 1341 3030 maxime
1356 2957 1547 3055 agendum

408 3094 475 3170 est,
514 3093 554 3153 ut
591 3078 677 3169 deo,
715 3078 752 3151 id
781 3094 839 3152 est
866 3093 1034 3171 naturae,
1064 3080 1331 3154 convenienter
1362 3079 1545 3154 vivamus,

407 3200 452 3276 cf.
484 3201 598 3300 Diog.
630 3202 755 3275 Laert.
789 3220 821 3296 7.
855 3205 925 3276 88:

468 3324 597 3428 ᾖδιόπερ
616 3323 708 3416 reios
730 3331 850 3428 γίνεται
872 3324 908 3402 τὸ
931 3325 1201 3428 ὁμολογουμένως
1227 3339 1268 3433 τῇ
1283 3320 1370 3428 γύσει
1385 3338 1459 3420 ζῆν.
1474 3324 1548 3429 ὅπερ

415 3450 499 3541 „imi
524 3442 611 3524 κατὰ
633 3479 665 3523 τε
688 3446 748 3534 τὴν
772 3447 872 3525 αὑτοῦ
895 3455 952 3526 καὶ
977 3442 1064 3525 κατὰ
1086 3447 1145 3536 τὴν
1159 3462 1223 3526 τῶν
1238 3447 1337 3550 ὅλων,
1351 3443 1444 3525 οὐδὲν
1459 3450 1548 3552 ἐναρ-

416 3577 574 3678 »γοῦντοες
610 3562 654 3646 ὧν
692 3565 900 3676 ἀπαγορεύειν
937 3575 1042 3648 εἴωθεν
1080 3570 1224 3674 ὁνόμος
1254 3577 1273 3648 ὁ
1301 3571 1420 3662 κοινὸς,
1450 3568 1549 3674 ἕσπερ

415 3693 519 3781 »ἐστὶν
547 3697 565 3768 o‘
592 3691 685 3796 ὀρθὸς
718 3690 815 3796 λόγος
843 3686 900 3770 διὰ
927 3688 1056 3771 ποίντων
1085 3691 1297 3798 ἐρχόμενος”.

463 3812 631 3909 Sapienti
668 3812 780 3910 igitur
817 3813 1156 3911 obtemperandum
1194 3829 1251 3888 est
1288 3813 1372 3906 deo',
1416 3813 1551 3890 rationi

410 3959 599 4026 summae3
638 3934 708 4031 ipsi
746 3961 829 4008 cum
866 3959 954 4033 pars
989 3936 1073 4010 insit
1110 3936 1224 4010 divini
1259 3935 1406 4034 spiritus
1434 3951 1548 4030 recte,

412 4057 501 4157 quid
538 4057 690 4150 bonum,
730 4057 819 4155 quid
849 4057 988 4132 malum
1015 4059 1073 4150 sit,
1103 4057 1228 4157 eligit3
1264 4055 1381 4152 „airis
1402 4054 1468 4163 γὰρ
1494 4054 1552 4163 μ’ὁ

412 4182 482 4273 θεὸς
511 4182 653 4270 ἐποίησεν
681 4176 831 4259 τοιούτων
859 4180 1082 4260 ἐκλεκτικέν.”
1113 4179 1235 4278 Epict.
1265 4180 1351 4254 diss.
1385 4205 1419 4255 2.
1450 4185 1485 4255 6.
1511 4205 1549 4272 9.

467 4300 534 4376 Illa
544 4302 669 4377 divina
683 4328 789 4378 mens
804 4305 953 4402 saepius
966 4304 1036 4378 sub
1051 4301 1124 4378 alio
1135 4304 1285 4377 nomine
1294 4303 1396 4401 apud
1404 4301 1553 4378 Stoicos

412 4425 610 4521 scriptores
652 4427 821 4519 occurrit,
859 4427 961 4524 quo'd
997 4427 1126 4524 paucis
1167 4426 1434 4524 exponendum
1462 4424 1552 4500 mihi

412 4546 569 4622 videtur.
