3528 5644
941 598 988 666 62

448 808 498 882 Et
539 808 678 882 iudices
723 821 762 880 et
799 807 1042 905 magistratus
1076 805 1312 880 iureiurando
1350 806 1538 880 constricti

394 945 512 1004 erant.

447 1051 572 1126 Etiam
600 1051 637 1124 in
667 1051 857 1148 emptione
881 1049 1052 1124 facienda
1075 1029 1267 1124 iurabatur
1287 1050 1332 1124 cs.
1360 1047 1541 1124 Karlowa

394 1175 503 1250 Rom.
535 1173 818 1270 Rechtsgesch„
848 1200 885 1269 p.
918 1178 1014 1267 631:

453 1293 548 1386 „Als
589 1292 967 1392 Best'arkungsmittel
1004 1294 1071 1368 des
1106 1294 1228 1367 Kaufs
1263 1309 1385 1370 treten
1424 1296 1543 1369 sehon

400 1420 482 1509 „bei
511 1416 663 1492 Plautus
691 1417 762 1490 Eid
790 1417 867 1490 und
897 1415 1023 1490 Arrha
1051 1416 1151 1491 aus.'’

449 1541 524 1635 Qui
551 1541 749 1629 iuraverat,
780 1538 963 1637 religione
989 1539 1197 1613 adstrictus
1224 1554 1317 1614 erat.
1347 1541 1393 1615 cs.
1420 1541 1542 1632 Dani,

400 1664 487 1758 „der
523 1661 676 1736 Sacrale
712 1661 848 1734 Schut'z
880 1661 930 1734 im
958 1672 1052 1735 rom.
1085 1659 1242 1750 Recht,'’
1275 1689 1312 1759 p.
1342 1668 1412 1738 62:
1444 1663 1542 1752 „Die

373 1784 681 1884 ·‚,allgemeinste
730 1783 919 1881 Wirkung
964 1783 1075 1883 jedes
1120 1784 1235 1858 Eides
1276 1785 1323 1858 ist
1363 1785 1544 1860 zunachst

400 1909 482 1999 „die
516 1905 620 1981 blosz
655 1905 722 1980 aus
754 1905 822 1979 das
851 1905 1043 1980 Gewissen
1072 1907 1139 1980 der
1166 1906 1445 1982 Schwdrenden
1473 1908 1538 1982 be·

401 2031 610 2121 ‚,rechnete‚
649 2029 715 2103 der
752 2028 868 2101 durch
905 2029 979 2101 den
1016 2029 1087 2101 Eid
1120 2029 1304 2128 religione
1334 2031 1545 2104 adstrictus

400 2154 458 2245 ‚,d.
483 2154 519 2226 h.
546 2153 586 2226 in
609 2151 745 2226 seincm
764 2151 950 2226 Gewissen
964 2151 1168 2248 gebunden
1183 2152 1284 2226 wird.
1303 2153 1397 2226 Wer
1411 2155 1538 2251 gegen

401 2277 495 2365 „den
538 2274 608 2347 Eid
643 2270 809 2365 handelt‚
845 2273 931 2346 dem
970 2273 1016 2345 ist
1053 2299 1093 2346 es
1128 2274 1361 2373 religiosum,
1401 2275 1541 2374 religio

401 2398 515 2488 „oder
552 2395 736 2494 religioni
768 2395 844 2467 und
873 2394 990 2468 daher
1019 2395 1113 2468 auch
1143 2397 1209 2469 der
1237 2396 1295 2469 ein
1325 2398 1541 2496 religiosus,

402 2520 491 2610 „der
524 2519 602 2592 sein
637 2516 829 2591 Gewissen
858 2518 935 2590 rein
960 2515 1039 2591 h'alt
1062 2517 1097 2590 in
1117 2518 1226 2616 jeder
1251 2518 1452 2593 Rucksicht
1473 2545 1543 2593 aus

402 2641 623 2734 „Ehrsurcht
658 2665 728 2714 vor
762 2640 836 2714 den
866 2638 1065 2714 thtern.”
1096 2640 1155 2714 Eo
1184 2641 1277 2738 ipso,
1308 2643 1410 2739 quod
1440 2657 1541 2739 pete·

394 2767 487 2840 bant
515 2764 679 2837 divinum
707 2763 961 2836 testimonium
989 2762 1065 2835 irae
1094 2763 1356 2860 vindictaeque
1381 2764 1537 2839 decrum

396 2914 437 2962 se
451 2886 693 2975 subiciebant,
705 2884 734 2958 si
749 2885 979 2958 iurisiurandi
994 2882 1212 2983 religionem
1223 2887 1536 2984 contempsissent

395 3009 456 3085 vel
491 3009 650 3083 scientes
687 3006 913 3081 fefellissent.
953 3007 1196 3104 Quamquam
1234 3007 1352 3107 vulgo
1381 3011 1536 3083 deorum

395 3133 547 3207 iniuriae
597 3131 655 3204 dis
702 3155 813 3203 curae
863 3145 982 3221 erant,
1015 3154 1311 3228 ”nonnumquam
1349 3157 1534 3220 censores,

395 3254 574 3353 praefecti
612 3277 770 3344 morum,
810 3253 885 3349 qui,
923 3267 963 3326 ut
1002 3251 1112 3327 Gellii
1147 3254 1270 3327 verbis
1308 3269 1402 3345 utar,
1438 3252 1539 3328 nulla

397 3380 445 3452 de
483 3402 523 3451 re
561 3375 773 3473 diligentius
810 3400 923 3473 quam
963 3374 1010 3448 de
1048 3376 1283 3449 iureiurando
1312 3376 1540 3467 iudicabant,

397 3526 475 3590 eos,
496 3498 558 3596 qui
573 3498 844 3595 peieraverant,
861 3498 1026 3571 aerarios
1041 3497 1280 3595 reliquerunt,
1297 3499 1542 3596 omniumque

397 3636 570 3696 notarum
618 3636 656 3694 et
698 3621 842 3694 damnis
883 3637 922 3694 et
967 3622 1178 3718 ignominiis
1220 3621 1438 3695 adfecerunt
1480 3620 1541 3716 (cf.

398 3744 495 3823 Gell.
528 3750 562 3819 6.
599 3746 671 3842 18).
703 3745 743 3817 In
772 3743 866 3818 deos
894 3743 1096 3841 impietatis
1124 3743 1225 3818 nulla
1253 3759 1334 3818 erat
1362 3743 1541 3841 expiatio

401 3869 555 3964 „Itaque
584 3891 730 3964 poenas
757 3863 863 3940 luunt
891 3891 965 3940 non
989 3882 1067 3940 tam
1090 3867 1241 3955 iudiciis
1268 3892 1384 3964 quam
1408 3880 1449 3939 ut
1474 3891 1544 3941 eos

401 3991 567 4088 „agitent
590 3989 892 4086 insectenturque
910 3987 1052 4085 furiae
1071 4014 1145 4063 non
1171 3989 1388 4063 ardentibus
1408 3989 1542 4077 taedis,

402 4113 516 4204 „sicut
555 4112 589 4185 in
619 4109 764 4203 fabulis,
794 4112 861 4185 sed
886 4136 1029 4208 angore
1058 4112 1305 4185 conscientiae
1328 4112 1543 4208 fraudisque

402 4233 610 4326 „cruciatu”
641 4234 733 4331 (Cic.
763 4234 811 4307 de
839 4231 912 4331 leg.
950 4259 980 4309 1.
1012 4237 1090 4332 40).
1119 4234 1279 4332 Saepius
1303 4249 1344 4308 ut
1366 4234 1403 4307 in
1428 4232 1545 4308 Grae·

396 4383 524 4433 corum
586 4356 636 4430 sic
697 4357 733 4429 in
800 4354 1057 4430 Romanorum
1123 4356 1267 4454 scriptis
1325 4357 1373 4430 de
1424 4354 1546 4429 Furiis

265 4497 272 4510 ·
396 4479 566 4579 legimus
624 4478 757 4552 Cicero
812 4477 886 4552 iam
940 4479 977 4552 in
1034 4479 1215 4571 oratione,
1273 4504 1386 4577 quam
1443 4503 1546 4554 anno

397 4601 630 4700 octogesimo
680 4624 714 4675 a.
765 4595 808 4676 C.
857 4625 893 4674 n.
938 4626 1006 4699 pro
1051 4600 1154 4676 Sext.
1195 4600 1306 4676 Rosc.
1346 4600 1546 4697 habuerat,
