3528 5644
674 531 779 658 ’,97

193 767 341 862 „serint3
379 783 419 842 et
445 794 608 866 poenam
636 793 786 867 semper
813 783 903 844 ante
930 769 1059 845 oculos
1087 772 1228 846 versari
1257 799 1324 871 pu·

193 906 298 983 „tent
327 891 391 988 qui
418 891 644 989 peccarint.''
674 892 757 989 (pro
786 889 865 966 Mil.
897 895 973 990 61).

237 1013 444 1088 Genetivus
479 1039 600 1105 casus,
637 1014 701 1111 qui
742 1029 800 1088 est
836 1015 963 1104 animi.
997 1014 1178 1114 paulatim
1216 1017 1321 1092 omit·

186 1134 280 1228 titur,
310 1151 425 1233 atque
454 1135 644 1219 dilabitur.

237 1258 367 1332 Cicero
396 1257 445 1331 de
471 1258 709 1332 conscientiae
737 1259 816 1333 hbe
843 1257 884 1332 in
911 1259 1040 1334 animo
1067 1257 1241 1358 loquitur.

186 1381 228 1455 cf.
258 1381 334 1456 Cic.
364 1380 413 1455 de
441 1381 504 1455 off.
537 1404 571 1476 3.
602 1383 673 1475 85:

293 1501 428 1597 ‚Hunc
464 1517 516 1593 tu,
555 1526 650 1599 quas
687 1502 936 1578 conscientiae
973 1502 1079 1578 labes
1117 1505 1158 1578 in
1194 1505 1324 1580 animo

294 1651 445 1720 „censes
472 1624 661 1716 habuisse,
692 1651 791 1723 quae
819 1624 976 1700 vulnera
990 1625 1027 1700 ?’'

185 1748 336 1822 Iamiam
385 1747 612 1822 conscientia
654 1773 762 1822 suam
804 1749 921 1823 vitam
965 1748 1000 1822 in
1042 1749 1171 1824 animo
1206 1775 1322 1848 agere

185 1871 305 1968 coepit
332 1887 447 1968 atque
474 1871 623 1967 saepius
651 1871 816 1945 humana
844 1871 970 1969 specie
997 1871 1176 1947 induitur.

184 1992 307 2090 Apud.
338 1991 441 2067 Publ.
472 1992 553 2090 Syr.
583 1993 642 2090 (C.
675 1995 739 2090 33)
767 2019 801 2068 e.
831 2020 868 2092 g.
899 1991 1078 2092 legimus:

291 2117 468 2191 Ce'catrix
494 2115 743 2190 conscientiae
771 2141 840 2214 pro
869 2116 1024 2191 vulnere
1052 2132 1120 2192 est.

236 2239 483 2328 Conscientia,
515 2256 556 2312 ut
583 2238 676 2313 de'us
705 2238 741 2311 in
770 2264 928 2335 corpore
957 2239 1152 2335 hospitans
1186 2238 1321 2333 „etiam

189 2363 342 2456 „obruta
378 2359 563 2436 delectat.
582 2422 590 2437 .
609 2422 643 2437 ..
680 2362 865 2435 reclamat
901 2375 939 2435 et
975 2361 1016 2434 in
1049 2387 1087 2435 se
1114 2361 1240 2435 omnia
1268 2387 1322 2436 re·

187 2484 336 2583 „ponit”
366 2483 469 2582 (Sen.
496 2484 586 2558 Ben.
612 2507 648 2578 4.
678 2485 752 2581 21).
783 2481 1010 2578 „Scelerati”
1034 2482 1153 2580 inquit
1174 2482 1322 2557 Curtius

188 2610 259 2706 „(6.
316 2610 390 2705 10.)
431 2606 658 2681 conscientia
697 2607 925 2702 obstrepente
964 2605 1200 2680 condormire
1242 2630 1317 2680 non

188 2729 401 2828 „possunt”
430 2727 524 2803 Aliis
550 2726 641 2802 locis
665 2729 998 2803 conscientiarium
1021 2727 1105 2805 loco
1129 2755 1322 2828 compara·

180 2868 251 2942 tur,
281 2878 357 2950 quo
383 2851 496 2926 iudex
524 2848 703 2948 multique
731 2865 848 2925 testes
875 2866 1083 2927 versantur.

180 2975 226 3050 cs.
257 2974 332 3050 Cic.
362 2975 474 3048 Tusc.
503 2973 598 3071 disp.
632 2997 666 3047 2.
697 2977 766 3066 64:

239 3096 412 3192 „Nullum
444 3097 632 3170 theatrum
668 3095 793 3170 virtuti
822 3093 1048 3170 conscientia
1076 3094 1196 3168 maius
1223 3093 1319 3169 est.”

180 3223 379 3296 Praeterea
406 3219 451 3293 cf.
481 3219 570 3294 Sen.
601 3217 720 3294 Clem.
758 3243 788 3293 1.
825 3243 893 3314 13:

291 3344 429 3440 „Suam
464 3342 729 3416 conscientiam
755 3343 914 3439 plenam
947 3337 1148 3414 sceleribus
1175 3365 1221 3414 ac
1248 3354 1321 3414 tor-

286 3466 422 3540 mentis
449 3463 682 3563 adaperuit.''

234 3588 419 3664 Iustorum
482 3613 574 3662 vero
624 3587 738 3690 corda
784 3587 900 3682 plena
950 3601 1037 3660 sunt
1084 3586 1187 3660 bona
1237 3609 1321 3660 con·

177 3712 384 3809 scientia1).
422 3709 500 3783 Sed
537 3709 631 3784 haec
665 3709 740 3783 iam
779 3708 975 3801 sufficiant,
1006 3708 1141 3805 quibus
1168 3708 1321 3781 demon·

176 3849 324 3927 stretur,
354 3833 451 3907 inter
478 3858 604 3924 voces
634 3857 734 3929 quae
757 3845 861 3906 sunt:
883 3831 1048 3920 animus,
1070 3829 1224 3904 ane'enus
1243 3855 1320 3902 con·

175 3959 286 4050 scius,
314 3956 442 4031 animi
465 3955 697 4047 conscientia,
725 3953 963 4046 conscientiam
986 3978 1099 4040 ment,
1124 3977 1227 4026 mens
1248 3952 1324 4025 se'be'

175 4081 330 4168 coerceo,
347 4080 483 4153 mentis
496 4077 726 4169 conscientia,
743 4076 974 4167 conscientia,
991 4072 1209 4162 locutiones
1220 4098 1321 4170 quae

176 4219 264 4277 sunt
288 4203 417 4277 animi
440 4202 798 4296 conscientiamque
826 4199 960 4272 mentis
987 4196 1205 4270 conscientia
1230 4221 1320 4292 quo·

176 4326 383 4401 dammodo
408 4325 571 4399 medium
589 4348 737 4398 cursum
752 4336 892 4410 tenere,
909 4317 970 4394 vel
985 4319 1110 4416 potius
1124 4333 1320 4417 tamquam

215 4605 241 4674 1)
259 4605 293 4657 ci.
312 4605 374 4656 Seu.
393 4603 465 4655 Dial.
486 4613 510 4669 7.
533 4615 590 4671 19.;
611 4603 676 4652 Ben.
695 4615 722 4665 4.
742 4613 784 4651 22.
