3528 5644
994 607 1042 675 92

438 796 618 893 Legimus
646 795 756 893 (Aen.
789 820 819 868 1.
851 797 963 893 604):

495 917 556 1007 „Si
593 918 683 1015 quid
718 943 877 1015 usquam
906 918 1042 992 iustitia
1064 934 1122 992 est
1142 944 1187 992 ac
1211 945 1317 994 mens
1340 920 1409 993 sibi
1433 919 1582 995 conscia

441 1039 630 1138 „,recti¹).’‘

492 1164 699 1255 Locutioni‚
744 1189 842 1261 quae
886 1179 943 1237 est
990 1189 1117 1258 „mens
1167 1163 1236 1237 sibi
1278 1165 1426 1238 conscia
1463 1163 1579 1238 reeti'’

436 1288 571 1362 eadem
601 1288 657 1361 vis
684 1286 879 1360 inhaerere
903 1287 1061 1377 videtur,
1091 1311 1190 1384 quae
1217 1287 1342 1367 verbis
1371 1303 1581 1385 quaesunt

436 1425 538 1485 recta
563 1408 800 1501 conscientia,
826 1409 873 1483 de
898 1409 1032 1505 quibus
1056 1434 1145 1482 mox
1169 1409 1298 1483 dicturi
1317 1436 1456 1498 sumus,
1471 1410 1579 1485 inest.

435 1532 581 1631 Virgilii
619 1547 744 1606 aetate
776 1533 927 1606 notitias
963 1531 1148 1630 quasdam
1178 1532 1339 1607 iustitiae
1368 1533 1581 1634 aequitatis·

437 1682 511 1755 que
549 1655 760 1729 hominibus
796 1655 982 1752 ingenitas
1017 1681 1101 1730 esse
1139 1656 1343 1730 docebatur
1380 1654 1582 1753 legemque

436 1780 577 1853 bonam
615 1805 639 1852 a
667 1776 767 1851 mala
795 1776 895 1852 nulla
923 1777 995 1852 alia
1024 1779 1092 1851 nisi
1121 1793 1278 1853 naturae
1306 1804 1439 1852 norma
1467 1778 1580 1852 dividi

439 1898 1173 1998 pmMQQQLw‚

493 2025 577 2098 Has
603 2024 652 2111 ad
681 2022 843 2121 regulas
872 2023 1007 2121 quibus
1034 2024 1136 2098 bona
1165 2040 1203 2098 et
1230 2021 1330 2096 mala
1359 2023 1578 2116 iudicentur,

438 2145 625 2243 Vergilius
652 2146 800 2219 videtur
827 2162 1008 2243 spectare.
1041 2147 1159 2221 Recte
1185 2146 1368 2242 Forbiger
1392 2147 1476 2220 huie
1496 2145 1581 2220 loco

438 2284 597 2342 annotat
630 2269 672 2362 „i.
689 2294 722 2342 e.
753 2269 877 2342 haben
906 2270 964 2342 ein
994 2269 1222 2344 Bewustsein
1251 2294 1340 2342 vom
1370 2267 1578 2343 Rechten.”

494 2392 638 2465 Eadem
673 2391 792 2465 verba
829 2392 930 2488 apud
969 2392 1147 2466 Ovidium
1184 2418 1335 2489 prorsus
1363 2390 1464 2494 aliud
1492 2391 1581 2490 quid

442 2513 673 2609 significant3
703 2513 748 2588 cl.
780 2514 895 2588 Fasti.
926 2539 962 2608 4.
996 2539 1091 2608 311:

499 2634 681 2729 „Conscia
711 2637 936 2734 menstecti
964 2637 1088 2711 famae
1117 2636 1312 2710 mendacia
1341 2635 1455 2710 risit.''

458 2767 461 2776 '
498 2757 682 2851 „Conscia
720 2783 825 2832 mens
862 2757 976 2831 recti”
1016 2760 1087 2833 hoc
1124 2757 1208 2832 loco
1247 2759 1346 2833 idem
1382 2773 1440 2832 est
1467 2773 1583 2856 atque

437 2880 538 2954 bona
562 2881 799 2973 conscientia,
823 2907 932 2979 quae,
960 2897 999 2955 ut
1019 2881 1187 2957 Senecae
1201 2882 1327 2955 verbis
1342 2896 1425 2956 utar
1445 2880 1580 2975 „etiam

443 3003 599 3097 „obruta
627 3002 800 3092 delectat,
831 3029 929 3101 quae
958 3005 1120 3078 contioni
1150 3030 1194 3078 ac
1208 3005 1334 3078 lamae
1348 3001 1529 3078 reclamat
1542 3017 1580 3077 et

444 3126 500 3219 „in
529 3152 569 3200 se
598 3127 724 3200 omnia
752 3126 924 3224 reponit'’
955 3127 1015 3223 (cf.
1045 3127 1133 3202 Sen.
1166 3127 1255 3221 Ben.
1286 3151 1322 3220 4.
1357 3130 1432 3225 21).

493 3248 546 3322 Ut
582 3249 618 3321 in
646 3249 831 3345 poematis
860 3249 912 3323 sic
940 3250 977 3322 in
1005 3249 1128 3323 soluta
1156 3249 1327 3324 oratione
1355 3274 1401 3323 ea
1429 3246 1579 3340 locutio,

438 3395 537 3466 quae
564 3387 622 3444 est
650 3372 794 3445 animus
823 3373 1004 3464 conscius,
1034 3398 1130 3446 raro
1158 3373 1324 3446 occurrit.

495 3491 780 3567 Praeterlocum
793 3494 1582 3592 Plautinum,supralaudatum,p.88,unum

443 3630 588 3688 tantum
604 3613 726 3688 locum
741 3615 894 3692 laudare
909 3643 1075 3716 possum.
1088 3616 1294 3709 Sallustius,
1311 3643 1423 3714 quern
1440 3614 1583 3691 Gellius

439 3737 564 3835 (Noct.
588 3737 669 3812 Au.
693 3763 722 3812 1.
746 3742 806 3837 15)
821 3756 1045 3815 novatorem
1060 3741 1260 3814 verborum
1276 3755 1401 3831 vocat,
1417 3739 1583 3813 inusitati

436 3861 586 3958 generis
623 3860 765 3934 dicendi
805 3863 1062 3958 cupidissimus
1099 3863 1188 3936 dicit
1225 3860 1330 3959 (Bell.
1372 3861 1455 3936 Cat.
1499 3865 1592 3960 ι4);“

496 3983 712 4076 „Postremo
735 4010 878 4073 omneS,
905 4011 1001 4082 quos
1026 3983 1220 4081 flagitium,
1247 3999 1409 4082 egestas
1435 3984 1582 4059 animus

444 4106 633 4198 „conscius
662 4106 919 4204 exagitabat.''
1557 4125 1559 4129 '

492 4225 653 4300 Animus
690 4230 858 4303 conscius
895 4230 930 4304 h.
956 4228 979 4304 l.
1010 4229 1109 4304 idem
1139 4246 1196 4304 est
1224 4246 1339 4328 atque
1366 4230 1466 4305 mala
1494 4223 1581 4304 con-

437 4349 602 4424 scientia.
629 4349 723 4425 Aliis
746 4350 847 4444 lociS,
871 4353 1004 4450 quibus
1028 4353 1076 4428 de
1092 4355 1130 4426 vi
1145 4353 1369 4428 conscientia
1384 4379 1507 4427 sermo
1522 4370 1581 4429 est

438 4472 521 4568 ipsa
547 4499 641 4546 voce
670 4475 918 4549 conscientiae
947 4475 1143 4550 Sallustius
1171 4477 1293 4550 utitur.

438 4591 585 4602 nna-no·—

478 4625 504 4690 1)
522 4625 555 4675 cs.
577 4627 642 4675 Aen.
663 4640 686 4676 2.
710 4640 773 4690 141:
796 4629 891 4692 „Quod
910 4636 935 4678 te
955 4645 1001 4695 per
1021 4645 1130 4695 superos
1149 4635 1175 4680 et
1194 4629 1300 4680 conscia
1321 4629 1429 4680 numina
1446 4627 1526 4682 veri‘’.
