3576 5650
766 620 788 687 9

311 809 391 882 Iam
406 808 524 906 pudet
539 824 577 882 et
591 807 717 900 timeo
735 809 907 907 quamvis
923 809 1010 882 mihi
1026 810 1174 884 conscia
1185 835 1264 916 non
1276 810 1345 884 sim
1386 841 1388 846 ·

310 933 488 1007 Offensos
516 934 657 1022 videar,
688 959 735 1007 ne
764 934 942 1008 meruisse
972 935 1088 1009 Deos.

202 1057 290 1130 Am.
325 1081 358 1130 2.
391 1079 424 1151 5.
459 1080 519 1150 34.

310 1177 1343 1278 Consciapurpureusvenitinorapudor(cs.Cat.65.24).

202 1301 291 1374 Am.
324 1326 357 1375 2.
390 1322 423 1397 7.
460 1315 517 1376 11'.

253 1502 259 1512 ‚
309 1424 439 1520 Atque
468 1449 542 1523 ego
571 1425 717 1522 peccati
741 1422 878 1500 vellem
903 1425 991 1498 mihi
1016 1425 1185 1499 conscius
1209 1451 1343 1500 essem.

130 1583 135 1590 ·
205 1546 295 1619 Met.
330 1571 363 1620 2.
396 1569 483 1641 593.

223 1689 225 1693 ’
310 1667 386 1741 Sed
413 1667 562 1742 conscia
592 1667 725 1767 culpae

310 1789 564 1888 Conspectum
593 1788 790 1889 lucemque
817 1792 913 1891 fugit
926 1853 932 1867 .
947 1851 974 1867 ..

205 1914 297 1988 Met.
335 1937 392 1988 10.
426 1920 514 2009 367.

309 2036 470 2111 Demisit
504 2034 629 2110 vultus
658 2036 806 2112 sceleris
835 2038 902 2112 sibi
932 2039 1080 2113 conscia
1107 2039 1216 2136 virgo

264 2181 266 2185 ’
310 2159 421 2254 Quae
449 2160 528 2234 sine
555 2174 652 2234 teste
680 2161 788 2258 gerit.

59 2303 72 2310 ·
202 2282 304 2357 Fast.
340 2307 370 2356 1.
402 2287 491 2378 485.

312 2405 473 2480 Conscia
498 2432 604 2481 mens
626 2422 666 2480 ut
688 2407 820 2504 cuique
842 2433 910 2481 sua
925 2422 994 2498 est,
1009 2406 1061 2481 ita
1076 2409 1236 2506 concipit
1250 2408 1346 2483 intra

311 2529 468 2604 Pectora
497 2530 694 2628 profacto
723 2554 907 2627 spemque
935 2545 1152 2629 metumque
1181 2556 1261 2605 suo.

564 2654 621 2750 (2.-
639 2651 675 2727 al
704 2666 898 2727 naarmate
925 2652 1060 2726 ieder's
1087 2651 1260 2749 geweten
1289 2654 1344 2750 is).

204 2774 306 2848 Fast.
338 2801 373 2868 4.
406 2801 493 2870 311.

311 2897 472 2971 Conscia
501 2923 608 2971 mens
637 2899 726 2974 recti
755 2898 881 2972 famae
910 2899 1107 2972 mendacia
1135 2898 1223 2973 risit.

837 3021 896 3117 (=
913 3045 983 3094 een
1012 3021 1126 3118 goed·
1143 3011 1360 3119 geweten).¹

204 3141 281 3215 Cic.
312 3141 418 3216 Verr.
449 3166 486 3236 4.
523 3167 607 3235 124.

310 3264 529 3339 Temeritati
557 3281 596 3341 et
624 3267 819 3340 mendacio
849 3291 935 3344 meo
963 3267 1142 3341 conscios.

203 3387 300 3462 Sest.
332 3412 394 3481 99.

107 3525 110 3530 ’
311 3511 553 3584 Peccatorum
596 3537 748 3585 suorum
792 3511 927 3585 conscii
966 3537 1087 3587 novos
1115 3529 1263 3587 motus.
1283 3572 1290 3586 .
1308 3569 1343 3586 ..

225 3682 227 3686 -
310 3650 503 3732 quaerant.

203 3754 307 3831 Cael.
340 3779 401 3851 52.

311 3879 410 3954 Huic
434 3880 588 3954 facinori
606 3896 713 3955 tanto
725 3895 790 3954 tua
805 3907 912 3955 mens
927 3878 1089 3955 liberalis
1105 3878 1274 3952 conscia.
1290 3937 1297 3952 .
1312 3937 1319 3953 .
1335 3939 1342 3954 .

311 4028 395 4077 esse
422 4029 498 4077 non
526 4003 666 4078 debuit.

202 4124 251 4198 de
279 4125 341 4199 off.
374 4150 408 4220 3.
442 4146 502 4220 73.

313 4247 408 4321 Cum
437 4248 529 4323 sibi.
549 4307 557 4323 .
576 4305 611 4323 ..
643 4247 775 4323 nullius
803 4265 929 4325 essent
958 4247 1094 4323 conscii
1124 4245 1267 4345 culpae.

203 4369 292 4446 Sall.
323 4369 413 4445 Bell.
445 4371 528 4445 Cat.
565 4396 622 4464 14.

309 4492 504 4567 Postremo
543 4519 685 4585 omnes,
721 4520 816 4591 quos
844 4493 1039 4592 flagitium,
1069 4508 1231 4592 egestas
1260 4517 1345 4566 con·
1454 4591 1457 4596 Ι

308 4615 404 4689 scius
432 4616 577 4690 animus
605 4617 835 4714 exagitabat.
941 4607 948 4620 ⁹
