3528 5644
701 632 772 706 105

215 824 295 898 Iam
318 825 354 898 in
377 825 501 922 capite
524 825 691 901 secundo
706 825 859 900 huiusce
874 824 1134 924 disputationis
1149 823 1307 899 ostendi-

158 947 1307 1047 musdaemoneminterdumidemsignificareatquementem

158 1066 338 1158 divinam,
378 1069 545 1144 animum
577 1087 731 1162 rectum,
761 1071 854 1176 ὀρθὸν
883 1071 996 1176 λόγον,
1025 1070 1306 1145 conscientiam.

213 1191 266 1266 Et
301 1193 498 1267 daemonis
534 1193 644 1289 igitur
667 1209 760 1284 erat,
789 1193 974 1291 imperare
1001 1208 1117 1291 atque
1146 1194 1305 1285 ducere3

159 1313 206 1389 cf.
249 1315 301 1390 M.
341 1315 438 1390 Aur.
475 1315 625 1391 Comm.
667 1337 701 1412 5.
745 1337 814 1410 27:
855 1318 897 1408 „o’
934 1319 1065 1420 δαίμων
1103 1315 1140 1392 ἕν
1176 1312 1302 1419 ἑκάστῳ

160 1434 368 1540 ,,προστοίτην
397 1444 454 1517 καὶ
481 1437 631 1543 ἡγεμόνα
658 1445 676 1516 o‘
706 1435 787 1530 Ζεὺς
815 1435 935 1516 ἔδωκεν
963 1437 1169 1542 ἀπόσπασμα
1192 1443 1308 1516 ἑαυτοῦ

162 1547 281 1652 „oinos
308 1559 344 1637 di
372 1563 457 1639 ἐστὶν
485 1568 504 1637 ὁ
531 1557 669 1640 ἑκάστου
700 1569 774 1654 νοῦς
802 1567 860 1638 καὶ
889 1559 1024 1664 λέγος.”

210 1680 403 1776 Jahnelius
432 1682 480 1756 de
503 1683 627 1756 verbis
649 1707 748 1779 quae
771 1697 858 1756 sunt
883 1707 930 1774 „a
955 1697 1056 1756 recta
1078 1681 1306 1756 conscientia

159 1817 396 1895 „traversum
425 1830 592 1902 unguem
620 1803 717 1902 sqq”
747 1804 835 1878 dicit
862 1805 955 1878 haec
984 1807 1035 1903 (p.
1069 1807 1150 1902 29):

216 1927 393 2018 „Docent
416 1942 543 2001 autem
565 1927 655 2000 satis
679 1926 796 2001 verba
818 1927 911 2025 ipsa,
929 1926 1152 2001 Ciceronem
1167 1925 1306 2000 dictum

162 2049 364 2139 „usitatum
388 2065 476 2123 tunc
501 2065 540 2124 et
565 2065 695 2124 notum
717 2075 763 2124 ex
787 2048 882 2124 libro
906 2047 1033 2147 aliquo
1048 2048 1307 2146 philosophico

162 2171 353 2268 „proferre
395 2187 433 2246 et
473 2173 644 2270 aliquam
689 2173 874 2247 Graecam
918 2197 1034 2246 vacem
1070 2197 1094 2244 a
1136 2171 1309 2246 Cicerone

162 2295 291 2384 „verti
313 2293 611 2369 conscientzam.’'

216 2415 321 2490 idem
369 2415 538 2491 K'a'hlero
581 2416 748 2491 videtur:
792 2417 1089 2491 Unverkennbar
1126 2417 1309 2490 tibersatat

162 2539 320 2630 „Cicero
345 2539 431 2612 hier
452 2565 524 2613 aus
545 2539 625 2614 dam
649 2538 952 2614 Gra'eclrz'sclzen.”
970 2539 1117 2633 Quibus
1132 2537 1306 2636 equidem

164 2661 314 2736 minime
341 2662 537 2737 assentior.

216 2785 387 2877 Locuti0,
423 2811 521 2883 quae
558 2802 616 2860 est
654 2801 888 2877 „traversum
921 2810 1088 2884 unguem
1116 2784 1309 2859 discedere

163 2908 213 2980 ab
254 2906 379 3005 aliqua
420 2906 485 2982 re”
528 2907 631 3005 apud
674 2910 871 2982 Romanos
913 2908 1065 3005 quidem
1108 2907 1310 3005 scriptores

164 3030 312 3127 saepius
339 3030 448 3122 redit,
477 3031 579 3129 apud
608 3029 777 3105 Graecos
805 3055 897 3105 vero
926 3055 1001 3104 non
1029 3029 1225 3104 invenitur.

271 3152 315 3227 E.
350 3178 411 3250 g.:
441 3152 543 3251 apud
572 3149 691 3226 Plaut.
724 3152 812 3226 Aul.
849 3177 879 3227 1.
916 3177 946 3227 1.
984 3173 1041 3247 17,
1077 3155 1121 3225 18
1150 3150 1305 3252 legitur:

712 3275 774 3369 „Si
803 3273 928 3350 hercle
957 3291 995 3350 tu
1025 3301 1073 3349 ex
1101 3274 1193 3349 istoc
1222 3273 1307 3349 loco

225 3397 416 3496 „Digitum
427 3412 684 3472 transvorsum
693 3414 758 3472 aut
767 3423 932 3496 unguem
941 3397 1058 3473 latum
1067 3396 1307 3472 excesseris.‘'

222 3521 420 3596 Praeterea
457 3523 532 3595 iam
569 3548 682 3618 supra
715 3547 761 3596 ex
790 3521 973 3595 Cicerone
1002 3519 1153 3596 laudavi
1186 3521 1307 3596 Acad.
1391 3607 1394 3614 Ι

168 3644 323 3738 Quaest.
341 3667 378 3737 4.
392 3648 439 3739 58
455 3675 461 3718 :
480 3644 644 3732 „Habeo
659 3644 758 3717 enim
774 3640 1008 3741 regulam,ut
1021 3642 1110 3718 talia
1125 3644 1205 3717 visa
1219 3668 1310 3717 vera

169 3765 363 3858 „iudicem
402 3765 527 3864 qualia
565 3765 660 3840 salsa
700 3793 785 3841 esse
827 3793 902 3840 non
940 3782 1110 3864 possunt.
1145 3765 1209 3839 Ab
1237 3766 1309 3838 hac

170 3889 280 3978 „mihi
302 3913 377 3963 non
401 3888 487 3963 licet
510 3897 784 3982 transversum,
809 3898 855 3962 ut
874 3889 999 3981 aiunt,
1023 3887 1187 3987 da'grz'tum
1202 3887 1309 3962 disce·

171 4011 288 4101 ‚a'era
312 4035 360 4084 ne
384 4011 610 4084 confundam
632 4011 794 4086 omnia.'’
820 4011 969 4085 Deinde
983 4007 1097 4084 velim
1111 4034 1310 4107 compares

169 4131 245 4206 Cic.
301 4132 374 4230 Ep.
432 4133 481 4206 ad
531 4133 619 4206 sam.
665 4154 698 4228 7.
755 4154 825 4229 25:
879 4132 1011 4230 „Urge
1063 4132 1192 4228 igitur:
1241 4155 1310 4205 nec

174 4269 448 4347 ‚transversum
476 4281 642 4354 unguem
671 4255 790 4353 (quod
818 4255 935 4352 aiunt)
964 4280 987 4328 a
1016 4252 1139 4329 stilo.‘’

221 4377 391 4468 Locutio,
428 4403 527 4474 quae
561 4392 620 4451 est
654 4394 755 4452 recta
785 4377 1025 4468 conscientia,
1056 4375 1204 4450 Graece
1232 4374 1308 4482 ὀρθὴ

170 4502 360 4592 συνείδησις,
410 4499 526 4574 semel
567 4515 713 4574 tantum
756 4501 858 4597 apud
899 4499 1100 4597 scriptores
1141 4497 1311 4572 Graecos

171 4622 336 4713 occurrit,
366 4619 440 4696 scil.
471 4621 573 4719 apud
601 4620 708 4696 Stob.
740 4621 841 4696 Flor.
876 4645 935 4714 24.
973 4645 1039 4695 11:
