3528 5644
982 600 1054 671 108

446 810 767 907 cogitationesque
803 809 969 906 sequitur
1004 808 1065 882 vel
1103 809 1312 883 comitatur.
1350 810 1513 883 Primum
1542 809 1591 883 de

445 934 670 1008 conscientia
700 934 925 1007 accusatrice
953 958 1123 1031 agamus
1150 933 1319 1032 „Magna
1342 933 1398 1006 vis
1423 948 1480 1007 est
1504 957 1590 1005 con-

447 1056 659 1146 „scientiae,
683 1053 846 1129 iudices'’
876 1056 995 1151 inquit
1017 1055 1150 1128 Cicero
1171 1071 1231 1148 ,et
1245 1081 1387 1151 magna
1400 1055 1436 1127 in
1452 1070 1589 1128 utram-

447 1204 547 1276 ‚,que
587 1193 753 1275 partem:
797 1193 837 1251 ut
879 1203 1003 1274 neque
1047 1178 1214 1268 timeant,
1260 1179 1322 1275 qui
1365 1175 1452 1250 nihil
1490 1203 1590 1250 com-

451 1301 638 1394 ,miserint
679 1315 717 1374 et
758 1325 922 1396 poenam
963 1311 1110 1396 semper
1147 1315 1236 1374 ante
1278 1298 1406 1374 oculos
1447 1299 1589 1372 versari

446 1437 615 1520 ,‚putent,
645 1422 709 1519 qui
739 1421 949 1521 peccarint'’
981 1423 1064 1519 (pro
1095 1421 1173 1496 Mil.
1206 1424 1282 1519 61).

499 1544 748 1635 Conscientia,
774 1543 990 1636 accusatrix,
1007 1544 1174 1642 exagitat
1188 1559 1378 1642 terretque
1392 1544 1564 1618 homines
1578 1578 1586 1637 3

443 1666 598 1740 tacitum
626 1681 684 1739 est
710 1680 950 1740 tormentum.

500 1789 637 1882 „Quae
674 1787 824 1862 autem’‘
864 1789 982 1884 inquit
1021 1788 1154 1861 Cicero
1186 1803 1316 1879 „tanta
1341 1814 1386 1861 ex
1410 1788 1589 1885 improbis

446 1910 577 2002 „factis
613 1910 663 1983 ad
699 1911 920 1984 minuendas
957 1912 1058 1984 vitae
1096 1909 1288 1985 molestias
1316 1911 1481 1984 accessio
1511 1910 1589 1984 fieri

446 2046 607 2130 ,‚potest,
646 2048 787 2130 quanta
823 2033 873 2106 ad
908 2033 1104 2131 augendas
1143 2059 1226 2106 cum
1261 2032 1487 2107 conscientia
1516 2033 1590 2106 fac-

447 2170 593 2247 „torum
608 2171 686 2228 tum
700 2153 825 2252 poe'na
834 2154 962 2253 legum
979 2156 1142 2252 odioque
1158 2156 1291 2229 civium
1308 2156 1370 2253 (de
1386 2155 1448 2229 fin.
1468 2180 1497 2229 1.
1511 2176 1529 2249 5
1561 2158 1587 2254 ).

497 2276 649 2350 Tacitus
669 2277 717 2352 de
731 2276 940 2376 legionibus
956 2277 1112 2352 Cerialis
1128 2279 1357 2365 mentionem
1372 2279 1471 2370 facit,
1490 2303 1589 2375 quae

446 2401 623 2491 „stabant
650 2401 877 2475 conscientia
905 2400 1034 2499 flagitii
1064 2417 1244 2494 maestae,
1276 2401 1358 2475 fixis
1386 2402 1422 2474 in
1450 2416 1588 2476 terram

446 2521 607 2618 „oculis3
625 2584 631 2597 .
651 2582 659 2597 .
679 2584 712 2599 ..
743 2549 811 2598 nec
832 2525 986 2620 perinde
1009 2524 1213 2621 periculum
1237 2540 1303 2598 aut
1327 2539 1449 2598 metus
1473 2551 1589 2621 quam

448 2645 595 2742 „pudor
616 2671 661 2718 ac
685 2647 849 2720 dedecus
870 2647 1198 2744 obstupefecerat''
1216 2648 1321 2744 (Tac.
1342 2647 1438 2721 Hist.
1456 2672 1492 2740 4.
1513 2649 1588 2745 72).

500 2767 739 2842 Conscientia
766 2769 971 2844 damnante
999 2770 1170 2843 homines
1198 2771 1432 2860 erubescunt,
1463 2768 1590 2865 expal-

447 2885 534 2980 lent,
573 2889 746 2981 titubant,
784 2890 1036 2964 inconstanter
1070 2889 1273 2988 loquuntur
1312 2915 1437 2987 „quae
1478 2891 1588 2988 signa

449 3011 721 3101 „conscientiae
748 3013 858 3086 sunt’'
889 3014 1015 3110 (Rhet.
1047 3015 1138 3088 Her.
1173 3038 1206 3087 2.
1239 3036 1272 3108 5.
1305 3016 1357 3110 8.)
1386 3017 1410 3111 ).

500 3135 561 3209 De
608 3135 755 3227 rubore,
802 3137 1050 3210 conscientiae
1091 3135 1225 3210 iudicio
1267 3134 1442 3224 excitat0,
1486 3135 1588 3234 apud

447 3258 667 3332 Ciceronem
695 3256 855 3356 legimus
883 3258 946 3355 (de
974 3258 1037 3332 fin.
1070 3283 1102 3330 2.
1137 3260 1225 3356 28):

500 3379 686 3471 „Deinde,
716 3381 779 3453 ubi
807 3381 953 3455 erubuit
981 3381 1052 3478 (vis
1081 3381 1179 3454 enim
1208 3395 1265 3454 est
1291 3406 1502 3478 permagna
1525 3406 1587 3454 na·

449 3502 593 3597 „turae)
622 3501 789 3600 confugit
816 3499 911 3594 illuc,
942 3519 982 3576 ut
1011 3518 1149 3601 neget.
1170 3564 1176 3576 .
1196 3563 1203 3577 .
1223 3502 1257 3577 .”
1275 3505 1314 3600 2).

501 3622 612 3698 Clare
642 3625 769 3698 Livius
798 3625 845 3698 de
873 3625 1098 3700 conscientia
1127 3625 1248 3699 indice
1277 3625 1365 3699 dicit
1394 3627 1471 3723 (33.
1501 3628 1587 3722 28):

447 3747 683 3844 „Zeuxippus
699 3805 814 3834 .....
855 3773 962 3820 suam
1006 3749 1127 3844 magis
1168 3748 1434 3821 conscientiam
1473 3773 1587 3845 quam

448 3871 646 3965 „indicium
675 3869 866 3944 hominum
884 3929 892 3944 .
911 3929 918 3944 .
938 3928 972 3944 ..
1003 3870 1211 3945 metuens.’'

484 4039 511 4110 1)
531 4041 571 4091 Cf.
592 4041 671 4090 Maur.
693 4049 717 4105 7,
740 4052 787 4106 113
806 4039 852 4089 ubi
872 4039 974 4090 ruboris
994 4055 1087 4090 causae
1106 4039 1284 4104 explicantur:

484 4126 567 4194 „hoc”
593 4128 681 4200 inquit
703 4127 809 4177 Servius
829 4143 877 4192 „ex
897 4134 922 4176 te
941 4141 1049 4192 quaero,
1068 4126 1140 4190 quod
1159 4126 1223 4174 mihi
1243 4125 1385 4190 contigisse
1403 4125 1502 4192 dixisti,
1520 4141 1591 4190 quae

448 4215 541 4280 „iaciat
560 4231 647 4280 causa,
664 4222 692 4264 ut
711 4215 790 4264 rubor
808 4214 911 4278 corpori
931 4229 962 4262 ex
981 4212 1062 4262 animi
1081 4212 1181 4278 pudore
1202 4213 1336 4262 nascatur?
1356 4211 1390 4261 Et
1406 4211 1451 4261 ille
1464 4211 1590 4276 „natura”

448 4301 551 4367 ,inquit
571 4316 646 4365 ,cum
665 4301 730 4365 quid
748 4301 773 4350 ei
794 4300 904 4350 occurrit
923 4300 1035 4350 honesto
1052 4299 1151 4364 pudore
1168 4299 1287 4365 dignum,
1295 4299 1375 4347 imum
1386 4298 1499 4363 petendo
1511 4315 1591 4364 pene·

449 4396 515 4453 ,trat
534 4388 698 4454 sanguinem,
717 4404 770 4453 quo
789 4395 919 4438 commoto
939 4395 1018 4453 atque
1036 4387 1131 4436 diffuso
1152 4387 1219 4436 cutis
1239 4387 1367 4452 tinguitur
1386 4393 1412 4435 et
1427 4386 1489 4436 inde
1506 4387 1592 4436 nasci-

449 4482 507 4540 „tur
524 4473 629 4524 rubor'’.

484 4559 512 4626 2)
531 4561 673 4611 Notionem
692 4561 868 4611 conscientiae
887 4577 1088 4626 nonnumquam
1106 4576 1172 4610 voce
1191 4567 1297 4610 naturae
1317 4560 1427 4610 indicari
1446 4568 1473 4610 ct
1490 4576 1522 4610 ex
1537 4560 1590 4612 hoc

448 4649 507 4699 loco
527 4653 553 4697 et
572 4663 604 4698 ex
623 4647 682 4698 aliis
701 4647 767 4698 locis
786 4653 896 4714 apparet
913 4645 957 4715 (cs.
978 4648 1050 4698 Curt.
1070 4659 1094 4712 3.
1114 4647 1139 4698 6.
1158 4661 1189 4714 93
1206 4647 1266 4698 Sen.
1286 4648 1336 4714 Ep.
1355 4647 1410 4716 45).
