3576 5650
982 547 1041 669 42⁵

541 791 631 879 eius,
657 806 698 865 ut
722 806 872 865 emanet
892 791 941 865 ab
955 792 1082 865 animo
1096 792 1146 865 ad
1160 791 1328 866 habitum
1344 807 1382 865 et
1396 805 1539 865 eructet
1553 815 1577 864 a

541 915 767 988 conscientia
796 915 832 987 in
860 913 1106 1012 superficiem.

434 1036 521 1111 adv.
553 1039 671 1112 Marc.
708 1063 738 1112 1.
774 1062 831 1131 13.

542 1160 656 1254 Quod
692 1175 729 1234 et
765 1162 930 1234 omnium
967 1161 1196 1234 conscientia
1232 1174 1433 1258 agnoscet:
1463 1159 1575 1232 deum

542 1308 727 1356 summum
765 1309 848 1358 esse
885 1309 1066 1380 magnum
1105 1283 1140 1356 in
1183 1283 1405 1357 aeternitate
1442 1282 1577 1355 consti-

542 1421 675 1480 tutum.

403 1570 405 1574 ·
434 1528 521 1603 adv.
553 1530 672 1602 Marc.
705 1553 738 1602 2.
775 1549 833 1623 17.

541 1650 617 1724 Sed
646 1651 726 1748 ipse
755 1651 916 1726 mundus
944 1652 1141 1749 inscriptus
1169 1667 1226 1725 est
1254 1667 1292 1725 et
1320 1651 1421 1725 omni
1446 1675 1468 1723 a
1491 1675 1576 1724 con-

541 1774 694 1848 scientia
722 1773 868 1873 legitur.

435 1897 522 1970 adv,
554 1898 670 1970 Marc.
704 1922 738 1991 3.
774 1922 831 1991 14.
1412 1987 1418 2006 Ι

541 2018 712 2117 Sagittae
734 2035 821 2094 tuae
838 2078 846 2094 .
865 2077 873 2093 .
892 2080 899 2094 .
919 2077 927 2093 .
944 2034 1242 2117 compungentes
1258 2033 1296 2092 et
1311 2017 1577 2116 transfigentes

541 2142 807 2217 conscientiam
837 2167 1038 2239 quamque.

435 2264 521 2337 adv.
555 2265 672 2339 Marc.
704 2291 738 2357 4.
773 2287 807 2359 5.

542 2386 623 2460 Aut
651 2388 874 2460 erubescant
901 2387 949 2460 de
978 2386 1158 2485 magistro
1186 2411 1255 2459 suo
1283 2384 1481 2482 utrobique
1504 2400 1577 2459 tra-

541 2509 665 2602 ducto,
706 2537 790 2584 cum
828 2509 1017 2608 evangelii
1054 2511 1251 2583 veritatem
1288 2534 1384 2582 nunc
1417 2534 1464 2582 ex
1492 2534 1578 2582 con·

542 2632 696 2707 scientia
724 2632 895 2706 tramittit
924 2657 1021 2705 nunc
1051 2657 1097 2705 ex
1124 2631 1356 2729 impudentia
1384 2631 1529 2705 evertit.

435 2754 522 2828 adv.
552 2753 637 2828 Val.
674 2780 704 2828 1.

544 2876 749 2950 Custodiae
777 2876 939 2950 officium
970 2877 1219 2951 conscientiae
1248 2876 1410 2950 officium
1440 2890 1506 2950 est.

436 2999 522 3073 adv.
552 2998 636 3075 Val.
671 3024 703 3093 3.

543 3123 691 3198 Deinde
743 3124 840 3196 hunc
889 3123 1048 3220 primum
1101 3148 1259 3196 cuneum
1302 3122 1579 3219 congressionis

542 3247 769 3321 armabimus
806 3247 1036 3320 detectorem
1077 3262 1116 3318 et
1152 3245 1433 3343 designatorem
1462 3245 1578 3320 totius

543 3369 793 3444 conscientiae
820 3368 976 3443 illorum.

437 3487 523 3562 adv,
554 3491 660 3564 Prax.
698 3516 754 3585 13.

544 3612 733 3704 Ceterum,
758 3614 788 3686 si
803 3640 849 3687 ex
864 3613 1103 3701 conscientia,
1120 3638 1195 3709 qua
1210 3613 1347 3686 scimus
1362 3613 1422 3687 dei
1438 3638 1577 3687 nomen

544 3749 581 3808 et
610 3734 684 3809 filio
714 3752 751 3810 et
779 3737 921 3833 spiritui
949 3737 1159 3810 convenire.
1269 3723 1271 3728 ¹

331 3875 338 3910 ··
436 3856 484 3929 de
513 3857 682 3954 Spectac.
720 3884 750 3932 1.

543 3982 669 4056 Tanta
693 3997 750 4055 est
774 3980 872 4055 enim
898 3979 1149 4079 voluptatium
1179 3982 1245 4073 vis,
1276 3997 1316 4055 ut
1343 3998 1382 4056 et
1403 3983 1578 4081 ignoran-

542 4105 632 4178 tiam
676 4103 835 4201 protelet
876 4106 912 4177 in
955 4106 1190 4178 occasionem
1232 4119 1271 4179 et
1311 4104 1578 4178 conscientiam

543 4243 758 4325 corrumpat
786 4228 822 4300 in
852 4225 1195 4302 dissimulationem.

438 4348 485 4420 de
514 4347 683 4444 Spectac.
722 4375 751 4423 1.

547 4471 646 4544 Nihil
670 4472 889 4568 obstrepere
908 4470 1077 4570 religioni
1093 4472 1128 4545 in
1144 4471 1269 4546 animo
1286 4472 1374 4545 etin
1390 4470 1580 4545 conscien-

544 4593 595 4665 tia
617 4608 721 4666 tanta
743 4592 881 4668 solacia
905 4595 1132 4668 extrinsecus
1147 4594 1338 4669 oculorum
1353 4592 1415 4668 vel
1431 4594 1581 4668 aurium
