3576 5650
768 612 815 686 27

215 807 375 882 Phaedr.
409 830 428 901 3
460 804 553 904 prol.
585 827 647 901 47.

324 928 446 1003 Stulte
474 927 631 1002 nudabit
658 929 771 1001 animi
799 928 1075 1002 conscientiam.

218 1052 321 1150 Hyg.
352 1068 439 1126 astr.
473 1077 506 1125 2.
537 1076 573 1144 4.

323 1174 585 1248 Interfectores
733 1174 846 1247 animi
874 1172 1101 1248 conscientia
1130 1172 1301 1271 permoti.

215 1297 318 1371 Tert.
350 1298 397 1371 de
426 1311 511 1370 test.
542 1321 603 1370 an.
637 1318 671 1390 5.

325 1419 451 1514 Quod,
477 1444 561 1490 cum
591 1418 642 1491 ita
666 1417 724 1507 sit,
750 1441 825 1490 non
848 1414 1004 1489 multum
1021 1415 1144 1505 refert,
1160 1437 1183 1488 a
1198 1415 1272 1489 deo
1287 1415 1356 1489 for·

324 1557 427 1615 mata
455 1541 513 1631 sit,
543 1541 690 1614 animae
720 1539 948 1613 conscientia
976 1564 1023 1612 an
1052 1537 1182 1613 litteris
1210 1539 1280 1612 dei.

194 1985 262 2060 VJ.
291 1986 522 2072 Conscientia
547 1987 573 2062 i.
584 2013 618 2084 q.
652 1984 1044 2086 „schuldbewustzzjn”
1063 1992 1134 2058 out
1153 1981 1353 2083 „geweten”

574 2117 645 2182 aul
676 2110 789 2208 „goed
805 2108 994 2208 gemeien''

302 2231 405 2306 inter
431 2257 527 2329 quas
553 2231 844 2330 significationes
871 2231 1020 2329 saepius
1042 2230 1265 2328 ambigitur.

212 2399 324 2474 Caes.
356 2401 397 2475 B.
429 2399 493 2476 Al.
524 2405 587 2494 48.

321 2520 521 2616 Quodve]
549 2549 595 2596 ex
624 2524 850 2598 conscientia
878 2548 957 2614 sua,
987 2548 1103 2621 quum
1131 2522 1179 2595 de
1208 2546 1250 2594 se
1278 2545 1355 2592 mu-

322 2660 386 2719 tuo
415 2647 552 2720 sentire
582 2648 811 2743 provinciam
839 2647 1019 2738 crederet,
1055 2644 1354 2719 animadvertere

320 2784 481 2864 poterat.

212 2886 304 2963 Sall.
333 2889 373 2964 B.
407 2889 490 2963 Cat.
527 2911 584 2984 15.
616 2913 652 2982 4.

321 3014 376 3088 Ita
405 3012 632 3087 conscientia
660 3026 825 3086 mentem
856 3014 1016 3087 excitam
1040 3013 1217 3086 vexabat.

212 3136 256 3209 B.
288 3135 367 3234 lug.
401 3159 461 3229 32.
495 3156 529 3229 5.
1105 3218 1109 3224 ¹

319 3259 468 3333 Timido
491 3272 529 3331 et
558 3283 604 3332 ex
632 3258 858 3333 conscientia
888 3258 1070 3332 diffidenti
1098 3258 1209 3331 rebus
1237 3256 1323 3329 suis.

211 3381 255 3454 B·
288 3380 367 3476 lua·
401 3402 461 3475 35·
492 3404 528 3472 4·

320 3502 434 3596 Quod
456 3527 586 3577 eorum
608 3500 720 3576 alium
745 3503 972 3578 conscientia
994 3502 1106 3578 alium
1128 3500 1228 3575 mala
1251 3501 1353 3575 fama

319 3639 357 3698 et
382 3623 495 3698 'timor
521 3625 761 3723 impediebat.

211 3748 254 3820 B.
286 3747 365 3844 lug.
398 3749 459 3841 85.
493 3752 552 3820 26.

319 3869 378 3943 Ne
407 3870 490 3966 quis
517 3869 740 3943 modestiam
769 3870 805 3943 in
834 3871 1100 3945 conscientiam
1124 3870 1287 3944 duceret.

211 3989 317 4065 Publ.
347 3991 430 4088 Syr.
461 3989 503 4065 C.
537 4015 596 4085 33.

318 4112 481 4186 Cicatrix
509 4112 758 4187 conscientiae
788 4140 855 4212 pro
883 4113 1037 4189 vulnere
1066 4131 1132 4190 est.

211 4235 289 4308 Cic.
319 4234 427 4308 Verr.
459 4259 494 4330 5.
527 4255 587 4330 74.
918 4321 929 4344 .

318 4356 556 4432 Conscientia
580 4357 748 4434 timidum
771 4359 944 4452 faciebat,
969 4361 1006 4435 id
1028 4363 1130 4459 quod
1148 4361 1226 4436 fieri
1241 4361 1347 4436 solet.

211 4479 259 4573 Q.
290 4477 402 4553 Rosc.
433 4486 495 4572 46.

316 4602 427 4694 Nam,
465 4604 528 4704 qui
565 4603 681 4679 semel
719 4631 742 4679 a
779 4606 937 4682 veritate
974 4605 1138 4699 deflexit,
1178 4606 1236 4684 hic
1273 4633 1348 4684 non
