3576 5650
192 786 263 883 Ep.
295 788 345 860 ad
386 787 474 861 sam.
506 809 541 881 5.
574 812 633 860 21.

300 909 537 983 Conscientia
566 907 679 983 etiam
708 908 945 983 consiliorum
975 936 1156 985 meorum.

192 1045 263 1142 Ep.
294 1047 342 1119 ad
383 1046 472 1120 fam.
504 1050 538 1120 6.
576 1072 606 1123 1.

300 1169 375 1262 Qui
397 1169 622 1265 optimorum
640 1168 875 1244 consiliorum
891 1172 1119 1246 conscientia
1132 1198 1175 1247 se
1189 1187 1332 1247 susten-

299 1307 380 1365 tare
408 1292 537 1389 possit.

190 1429 263 1526 Ep.
293 1430 342 1502 ad
370 1429 457 1502 sam.
490 1435 524 1503 6.
556 1455 591 1523 4.

299 1552 576 1626 Conscientiam
599 1568 726 1628 rectae
747 1551 952 1627 voluntatis
976 1554 1177 1629 maximam
1202 1581 1331 1630 conso·

297 1674 476 1749 lationem
505 1701 588 1750 esse
617 1701 740 1751 rerum
769 1677 1101 1752 incommodarum.

191 1815 263 1912 Ep.
294 1816 355 1889 ad.
385 1816 473 1889 sam.
506 1822 540 1890 6.
573 1821 607 1889 6.

298 1938 540 2034 Disputarem
564 1938 690 2026 etiam,
711 1954 855 2037 quanto
869 1938 1009 2014 solacio
1023 1941 1089 2014 tibi
1104 1940 1331 2015 conscientia

296 2061 349 2133 tui
377 2060 474 2134 sacti.

190 2197 262 2293 Ep.
293 2198 342 2272 ad
370 2197 458 2272 sam.
490 2204 524 2272 6.
563 2223 620 2274 10.

298 2322 501 2417 Quamque
516 2336 553 2395 te
570 2323 814 2398 vehementer
831 2321 1089 2398 consolaretur
1103 2325 1330 2399 conscientia

296 2443 479 2517 factorum
509 2459 547 2518 et
574 2444 811 2520 consiliorum
839 2461 1000 2519 tuorum.

189 2581 261 2678 Ep.
293 2582 353 2655 ad.
383 2581 470 2655 iam.
504 2587 539 2655 6.
576 2607 634 2677 13.

296 2705 535 2781 Conscientia
561 2707 744 2780 sactorum
774 2722 812 2781 et
840 2705 1089 2781 consiliorum.

85 2927 88 2932 ¹
187 2843 260 2939 Ep.
290 2844 338 2917 ad
367 2844 454 2919 fam.
486 2872 521 2938 9.
557 2852 613 2919 16.

296 2965 353 3040 Ita
387 2966 440 3059 fit,
476 2983 515 3042 ut
546 2983 584 3041 et
611 2965 848 3042 consiliorum
875 2967 1109 3065 superiorum
1138 2967 1326 3041 conscien-

265 3079 423 3164 ·tia....
454 3116 516 3165 me
544 3088 726 3164 consoler.
821 3155 824 3160 .

189 3227 292 3299 Brut.
326 3252 344 3298 2
353 3249 412 3320 50.
867 3325 871 3330 Ι

296 3347 521 3423 Consoletur
547 3377 589 3424 se
616 3377 700 3425 cum
725 3350 952 3425 conscientia
976 3365 1157 3449 optumae
1181 3350 1325 3425 mentis.

188 3486 270 3560 Liv.
306 3511 352 3579 29
385 3511 446 3581 33.

296 3608 363 3698 lbi,
385 3636 468 3682 cum
490 3610 716 3685 conscientia
744 3611 901 3710 egregia
924 3636 1040 3708 saepe
1059 3611 1206 3708 repetiti
1222 3610 1327 3708 regni

296 3733 452 3829 paterni.

189 3853 280 3927 Plin.
312 3854 399 3928 Nat.
433 3876 466 3950 7.
500 3880 560 3950 31.

296 3977 441 4074 Regiae
463 3978 636 4051 fortunae
660 3975 830 4075 praelata
857 3976 1063 4051 litterarum
1088 3976 1325 4050 conscientia.

188 4097 279 4172 Plin.
312 4099 453 4196 Paneg.
486 4106 519 4174 6.
554 4121 587 4195 7.

295 4221 372 4295 Sed
406 4222 547 4319 ingenti
585 4221 811 4295 conscientia
840 4221 982 4294 Caesar
1018 4219 1216 4317 pacisceris
1243 4245 1327 4293 cum

296 4343 375 4431 diis,
406 4359 446 4417 ut
474 4359 524 4437 te,
554 4344 584 4418 si
613 4345 826 4434 mereberis,
856 4359 1018 4417 servent.

186 4466 279 4539 Tac.
310 4466 406 4562 Agr.
440 4487 499 4561 27.
989 4477 993 4486 ’

295 4588 484 4664 Victoriae
512 4589 738 4663 conscientia
885 4588 990 4662 serox
1018 4587 1211 4664 exercitus.
