3576 5650
190 800 301 875 Tert.
330 798 443 898 Apol.
476 825 536 896 30.

305 924 402 1021 Ego,
438 925 501 1022 qui
536 924 569 998 ei
605 924 724 998 offero
761 926 941 1021 optimam
978 942 1016 999 et
1044 925 1226 1000 maiorem
1254 925 1338 999 hos-

304 1047 419 1121 tiam.
438 1108 445 1121 .
464 1109 497 1122 ..
536 1064 574 1121 et
612 1063 698 1146 post
737 1048 863 1121 omnia
899 1048 1194 1146 inquinamenta,
1224 1049 1338 1122 etiam

304 1170 568 1244 conscientiam
596 1196 783 1269 spurcam.

233 1447 341 1520 VIII
362 1449 606 1538 Conscientia,
635 1450 700 1522 cui
724 1450 946 1523 adiciuntur
968 1450 1092 1525 adieci.
1129 1450 1307 1542 „bona”

339 1572 414 1644 sabe
446 1571 647 1664 „recta”,
677 1573 752 1645 sive
785 1571 1057 1670 ,‚integra'’.
1087 1574 1195 1668 aa).

195 1739 276 1812 Cic.
307 1739 387 1814 Att.
425 1764 481 1833 13.
515 1764 573 1813 20.
590 1741 628 1835 ¹).

305 1863 433 1959 Atque
460 1861 533 1936 hoc
561 1859 608 1934 ‘in
636 1863 737 1935 omni
762 1863 839 1937 vita
867 1888 1057 1960 quemque
1080 1890 1103 1937 a
1125 1881 1229 1938 recta
1252 1889 1337 1937 con·

303 1985 457 2059 scientia
470 2001 680 2058 traversum
695 2010 861 2083 unguem
876 2009 951 2059 non
966 2002 1117 2083 oportet
1129 1987 1333 2080 discedere,

303 2108 415 2181 viden
444 2132 558 2204 quam
586 2108 786 2211 φιλοσοφῶςὲ

196 2227 288 2303 Plin.
320 2230 390 2326 Ep.
422 2255 451 2301 1.
489 2254 546 2302 12.

304 2354 546 2449 Quamquam
575 2350 752 2449 plurimas
779 2354 930 2428 vivendi
960 2380 1093 2428 causas
1116 2354 1333 2445 habentem,

304 2475 485 2573 optimam
514 2474 793 2568 conscientiam,
823 2477 1005 2573 optimam
1034 2478 1174 2551 samam
1193 2537 1201 2552 .
1220 2537 1227 2552 .
1246 2537 1254 2552 .
1274 2538 1281 2553 .

195 2599 269 2696 Ep.
301 2599 351 2672 ad
378 2598 478 2671 Trai.
512 2625 546 2690 9.
584 2623 641 2670 12.

303 2721 355 2794 Et
382 2736 471 2795 ante
499 2722 624 2794 omnia
650 2723 822 2817 (adeam
847 2749 954 2821 spem
977 2722 1160 2820 hortatur)
1182 2724 1337 2799 felicitas

304 2861 527 2940 temporum,
571 2870 670 2941 quae
711 2844 851 2918 bonam
893 2847 1160 2920 conscientiam
1202 2848 1337 2921 civium

303 2984 451 3041 tuorum
480 2967 529 3041 ad
558 2994 665 3040 usum
695 2967 948 3066 indulgentiae
976 2985 1065 3043 tuae
1093 2986 1276 3066 provocat
1300 2987 1338 3044 et

305 3089 451 3165 attollit.

193 3215 288 3289 Tac.
321 3214 414 3313 Agr.
450 3240 480 3288 1.

305 3337 578 3412 Celeberrimus
602 3338 760 3435 quisque
784 3338 910 3412 bonae
925 3353 1071 3414 tantum
1087 3339 1337 3413 conscientiae

304 3460 424 3558 pretio
452 3441 668 3535 ducebatur.
772 3459 776 3467 ’

195 3583 316 3658 Clem.
349 3609 379 3657 1.
416 3608 446 3658 1.

304 3707 412 3780 Iuvat
435 3706 617 3802 inspicere
641 3721 678 3779 et
693 3706 885 3780 circumire
899 3706 1039 3781 bonam
1055 3707 1334 3782 conscientiam.

195 3827 316 3902 Clem.
353 3854 383 3902 1.
419 3851 477 3924 15.

304 3949 470 4045 Quilibet
504 3969 670 4026 nostrum
705 3939 896 4027 debuisset
929 3953 1111 4026 adversus
1139 3951 1335 4048 opiniones

304 4073 488 4172 malignas
529 4076 618 4149 satis
660 4075 819 4150 fiduciae
857 4077 999 4149 habere
1032 4076 1070 4148 in
1107 4075 1208 4148 bona
1252 4099 1336 4147 con·

304 4213 468 4272 scientia.

190 4407 388 4419 ..ananau-—

232 4551 260 4618 1)
278 4551 429 4601 Notandum
447 4549 511 4600 mihi
530 4551 634 4600 videtur
658 4550 729 4616 apud
748 4550 902 4600 Ciceronem
919 4550 1076 4616 locutiones,
1092 4565 1159 4614 quae
1175 4555 1235 4599 sunt
1253 4548 1336 4614 „mala

191 4638 374 4690 conscientia'’
395 4645 421 4689 et
441 4639 527 4704 „bona
546 4637 725 4688 conscientia”
744 4654 798 4687 non
817 4638 938 4688 inveniri.
