<?xml version="1.0" encoding="UTF-8"?>
<!DOCTYPE html PUBLIC "-//W3C//DTD XHTML 1.0 Transitional//EN"
    "http://www.w3.org/TR/xhtml1/DTD/xhtml1-transitional.dtd">
<html xmlns="http://www.w3.org/1999/xhtml" xml:lang="en" lang="en">
 <head>
  <title>
</title>
<meta http-equiv="Content-Type" content="text/html;charset=utf-8" />
  <meta name='ocr-system' content='tesseract 3.04.00' />
  <meta name='ocr-capabilities' content='ocr_page ocr_carea ocr_par ocr_line ocrx_word'/>
</head>
<body>
  <div class='ocr_page' id='page_1' title='image "./dieconscientiae00muldgoog_0128.png"; bbox 0 0 3528 5644; ppageno 0'>
   <div class='ocr_carea' id='block_1_1' title="bbox 643 602 714 672">
    <p class='ocr_par' dir='ltr' id='par_1_1' title="bbox 643 602 714 672">
     <span class='ocr_line' id='line_1_1' title="bbox 643 602 714 672; baseline 0.014 -18"><span class='ocrx_word' id='word_1_1' title='bbox 643 602 714 672; x_wconf 91' lang='lat'><strong>109</strong></span> 
     </span>
    </p>
   </div>
   <div class='ocr_carea' id='block_1_2' title="bbox 92 789 1249 3951">
    <p class='ocr_par' dir='ltr' id='par_1_2' title="bbox 92 789 1249 1501">
     <span class='ocr_line' id='line_1_2' title="bbox 148 789 1247 889; baseline 0.001 -24"><span class='ocrx_word' id='word_1_2' title='bbox 148 791 294 886; x_wconf 86' lang='lat' dir='ltr'><strong>,Hic,&#39;’</strong></span> <span class='ocrx_word' id='word_1_3' title='bbox 319 791 438 889; x_wconf 90' lang='lat' dir='ltr'><strong>inquit</strong></span> <span class='ocrx_word' id='word_1_4' title='bbox 460 789 606 866; x_wconf 86' lang='lat' dir='ltr'>Seneca</span> <span class='ocrx_word' id='word_1_5' title='bbox 629 791 715 889; x_wconf 86' lang='lat' dir='ltr'><strong>(Ep.</strong></span> <span class='ocrx_word' id='word_1_6' title='bbox 742 792 808 887; x_wconf 88' lang='lat'><strong>97)</strong></span> <span class='ocrx_word' id='word_1_7' title='bbox 834 791 1131 885; x_wconf 81' lang='lat' dir='ltr'><strong>„consentiamus</strong></span> <span class='ocrx_word' id='word_1_8' title='bbox 1146 789 1247 866; x_wconf 89' lang='lat' dir='ltr'><strong>mala</strong></span> 
     </span>
     <span class='ocr_line' id='line_1_3' title="bbox 96 911 1247 1013; baseline 0.001 -27"><span class='ocrx_word' id='word_1_9' title='bbox 96 914 295 1006; x_wconf 81' lang='lat' dir='ltr'><strong>,facinora</strong></span> <span class='ocrx_word' id='word_1_10' title='bbox 330 913 557 988; x_wconf 89' lang='lat' dir='ltr'><strong>conscientia</strong></span> <span class='ocrx_word' id='word_1_11' title='bbox 594 911 775 1013; x_wconf 86' lang='lat' dir='ltr'><strong>flagellari</strong></span> <span class='ocrx_word' id='word_1_12' title='bbox 803 930 842 988; x_wconf 93' lang='lat' dir='ltr'><strong>et</strong></span> <span class='ocrx_word' id='word_1_13' title='bbox 869 913 1068 1012; x_wconf 89' lang='lat' dir='ltr'><strong>plurimum</strong></span> <span class='ocrx_word' id='word_1_14' title='bbox 1096 913 1145 989; x_wconf 91' lang='lat' dir='ltr'><strong>illi</strong></span> <span class='ocrx_word' id='word_1_15' title='bbox 1175 931 1247 990; x_wconf 92' lang='lat' dir='ltr'><strong>tor·</strong></span> 
     </span>
     <span class='ocr_line' id='line_1_4' title="bbox 96 1035 1248 1132; baseline 0.002 -23"><span class='ocrx_word' id='word_1_16' title='bbox 96 1053 343 1130; x_wconf 90' lang='lat' dir='ltr'><strong>,mentorum</strong></span> <span class='ocrx_word' id='word_1_17' title='bbox 371 1061 455 1111; x_wconf 88' lang='lat' dir='ltr'><strong>esse</strong></span> <span class='ocrx_word' id='word_1_18' title='bbox 482 1061 542 1124; x_wconf 90' lang='lat' dir='ltr'><strong>eo,</strong></span> <span class='ocrx_word' id='word_1_19' title='bbox 572 1035 675 1132; x_wconf 93' lang='lat' dir='ltr'><strong>quod</strong></span> <span class='ocrx_word' id='word_1_20' title='bbox 692 1044 877 1132; x_wconf 78' lang='lat' dir='ltr'><strong>perpetua</strong></span> <span class='ocrx_word' id='word_1_21' title='bbox 902 1037 1014 1110; x_wconf 73' lang='lat' dir='ltr'><strong>ildzm</strong></span> <span class='ocrx_word' id='word_1_22' title='bbox 1035 1038 1248 1112; x_wconf 80' lang='lat' dir='ltr'><strong>sollicitudo</strong></span> 
     </span>
     <span class='ocr_line' id='line_1_5' title="bbox 97 1157 1249 1258; baseline 0.003 -26"><span class='ocrx_word' id='word_1_23' title='bbox 97 1167 292 1258; x_wconf 82' lang='lat' dir='ltr'><strong>,urgetac</strong></span> <span class='ocrx_word' id='word_1_24' title='bbox 301 1157 757 1233; x_wconf 76' lang='lat' dir='ltr'><strong>verberat.‘&#39;Conscientia</strong></span> <span class='ocrx_word' id='word_1_25' title='bbox 767 1159 938 1257; x_wconf 88' lang='lat' dir='ltr'><strong>coarguit</strong></span> <span class='ocrx_word' id='word_1_26' title='bbox 947 1158 1249 1258; x_wconf 91' lang='lat' dir='ltr'><strong>scelestosatque</strong></span> 
     </span>
     <span class='ocr_line' id='line_1_6' title="bbox 92 1279 1247 1380; baseline 0.003 -27"><span class='ocrx_word' id='word_1_27' title='bbox 92 1280 198 1378; x_wconf 90' lang='lat' dir='ltr'><strong>ipsos</strong></span> <span class='ocrx_word' id='word_1_28' title='bbox 229 1279 300 1354; x_wconf 89' lang='lat' dir='ltr'>sibi</span> <span class='ocrx_word' id='word_1_29' title='bbox 328 1280 491 1354; x_wconf 88' lang='lat' dir='ltr'><strong>ostendit</strong></span> <span class='ocrx_word' id='word_1_30' title='bbox 519 1279 622 1376; x_wconf 86' lang='lat' dir='ltr'><strong>(Sen.</strong></span> <span class='ocrx_word' id='word_1_31' title='bbox 649 1279 720 1378; x_wconf 90' lang='lat' dir='ltr'><strong>Ep.</strong></span> <span class='ocrx_word' id='word_1_32' title='bbox 746 1282 832 1378; x_wconf 69' lang='lat'><strong>97),</strong></span> <span class='ocrx_word' id='word_1_33' title='bbox 857 1279 1014 1355; x_wconf 83' lang='lat' dir='ltr'><strong>subinde</strong></span> <span class='ocrx_word' id='word_1_34' title='bbox 1037 1297 1125 1380; x_wconf 94' lang='lat' dir='ltr'><strong>post</strong></span> <span class='ocrx_word' id='word_1_35' title='bbox 1146 1281 1247 1356; x_wconf 84' lang='lat' dir='ltr'><strong>sacta</strong></span> 
     </span>
     <span class='ocr_line' id='line_1_7' title="bbox 93 1401 978 1501; baseline 0.003 -26"><span class='ocrx_word' id='word_1_36' title='bbox 93 1403 332 1500; x_wconf 88' lang='lat' dir='ltr'><strong>respondere</strong></span> <span class='ocrx_word' id='word_1_37' title='bbox 359 1402 409 1476; x_wconf 92' lang='lat' dir='ltr'><strong>ad</strong></span> <span class='ocrx_word' id='word_1_38' title='bbox 437 1427 479 1476; x_wconf 91' lang='lat' dir='ltr'><strong>se</strong></span> <span class='ocrx_word' id='word_1_39' title='bbox 506 1401 609 1501; x_wconf 86' lang='lat' dir='ltr'><strong>cogit</strong></span> <span class='ocrx_word' id='word_1_40' title='bbox 637 1401 740 1499; x_wconf 84' lang='lat' dir='ltr'><strong>(Sen.</strong></span> <span class='ocrx_word' id='word_1_41' title='bbox 770 1402 842 1501; x_wconf 89' lang='lat' dir='ltr'><strong>Ep.</strong></span> <span class='ocrx_word' id='word_1_42' title='bbox 879 1406 978 1501; x_wconf 86' lang='lat'><strong>105).</strong></span> 
     </span>
    </p>

    <p class='ocr_par' dir='ltr' id='par_1_3' title="bbox 97 1524 1243 1745">
     <span class='ocr_line' id='line_1_8' title="bbox 146 1524 1243 1625; baseline 0.002 -27"><span class='ocrx_word' id='word_1_43' title='bbox 146 1525 396 1600; x_wconf 84' lang='lat' dir='ltr'><strong>Conscientia</strong></span> <span class='ocrx_word' id='word_1_44' title='bbox 437 1524 657 1622; x_wconf 92' lang='lat' dir='ltr'><strong>supplicium</strong></span> <span class='ocrx_word' id='word_1_45' title='bbox 697 1550 721 1599; x_wconf 92' lang='lat' dir='ltr'><strong>a</strong></span> <span class='ocrx_word' id='word_1_46' title='bbox 763 1524 952 1600; x_wconf 85' lang='lat' dir='ltr'><strong>sceleratis</strong></span> <span class='ocrx_word' id='word_1_47' title='bbox 994 1525 1110 1625; x_wconf 85' lang='lat' dir='ltr'><strong>exigit</strong></span> <span class='ocrx_word' id='word_1_48' title='bbox 1146 1524 1243 1624; x_wconf 91' lang='lat' dir='ltr'><strong>(Val.</strong></span> 
     </span>
     <span class='ocr_line' id='line_1_9' title="bbox 97 1647 423 1745; baseline 0.003 -25"><span class='ocrx_word' id='word_1_49' title='bbox 97 1647 205 1723; x_wconf 86' lang='lat' dir='ltr'><strong>Max.</strong></span> <span class='ocrx_word' id='word_1_50' title='bbox 240 1669 275 1744; x_wconf 91' lang='lat'><strong>7.</strong></span> <span class='ocrx_word' id='word_1_51' title='bbox 307 1652 341 1722; x_wconf 92' lang='lat'><strong>8.</strong></span> <span class='ocrx_word' id='word_1_52' title='bbox 374 1649 423 1745; x_wconf 89' lang='lat'><strong>8).</strong></span> 
     </span>
    </p>

    <p class='ocr_par' dir='ltr' id='par_1_4' title="bbox 101 1769 1246 2213">
     <span class='ocr_line' id='line_1_10' title="bbox 146 1769 1246 1870; baseline 0 -26"><span class='ocrx_word' id='word_1_53' title='bbox 146 1770 419 1845; x_wconf 83' lang='lat' dir='ltr'><strong>Conscientiae</strong></span> <span class='ocrx_word' id='word_1_54' title='bbox 447 1769 620 1845; x_wconf 91' lang='lat' dir='ltr'><strong>iudicium</strong></span> <span class='ocrx_word' id='word_1_55' title='bbox 650 1795 763 1844; x_wconf 91' lang='lat' dir='ltr'><strong>nemo</strong></span> <span class='ocrx_word' id='word_1_56' title='bbox 780 1771 947 1870; x_wconf 87' lang='lat' dir='ltr'><strong>effugere</strong></span> <span class='ocrx_word' id='word_1_57' title='bbox 962 1786 1108 1869; x_wconf 88' lang='lat' dir='ltr'><strong>potest:</strong></span> <span class='ocrx_word' id='word_1_58' title='bbox 1131 1771 1246 1865; x_wconf 90' lang='lat' dir='ltr'><strong>,duos</strong></span> 
     </span>
     <span class='ocr_line' id='line_1_11' title="bbox 103 1890 1243 1991; baseline -0.001 -24"><span class='ocrx_word' id='word_1_59' title='bbox 103 1895 269 1986; x_wconf 90' lang='lat' dir='ltr'><strong>,iudices</strong></span> <span class='ocrx_word' id='word_1_60' title='bbox 305 1893 435 1984; x_wconf 87' lang='lat' dir='ltr'><strong>habes,</strong></span> <span class='ocrx_word' id='word_1_61' title='bbox 470 1890 583 1984; x_wconf 92' lang='lat' dir='ltr'><strong>illum,</strong></span> <span class='ocrx_word' id='word_1_62' title='bbox 622 1917 735 1990; x_wconf 89' lang='lat' dir='ltr'><strong>quem</strong></span> <span class='ocrx_word' id='word_1_63' title='bbox 772 1909 882 1991; x_wconf 91' lang='lat' dir='ltr'><strong>potes</strong></span> <span class='ocrx_word' id='word_1_64' title='bbox 915 1892 1044 1968; x_wconf 85' lang='lat' dir='ltr'><strong>fallere</strong></span> <span class='ocrx_word' id='word_1_65' title='bbox 1072 1892 1243 1991; x_wconf 78' lang='lat' dir='ltr'><strong>(famam)</strong></span> 
     </span>
     <span class='ocr_line' id='line_1_12' title="bbox 105 2014 1245 2113; baseline 0 -23"><span class='ocrx_word' id='word_1_66' title='bbox 105 2033 160 2109; x_wconf 90' lang='lat' dir='ltr'><strong>,et</strong></span> <span class='ocrx_word' id='word_1_67' title='bbox 189 2033 243 2108; x_wconf 94' lang='lat' dir='ltr'><strong>te,</strong></span> <span class='ocrx_word' id='word_1_68' title='bbox 274 2041 388 2113; x_wconf 92' lang='lat' dir='ltr'><strong>quem</strong></span> <span class='ocrx_word' id='word_1_69' title='bbox 417 2040 491 2090; x_wconf 96' lang='lat' dir='ltr'><strong>non</strong></span> <span class='ocrx_word' id='word_1_70' title='bbox 521 2015 667 2113; x_wconf 88' lang='lat' dir='ltr'><strong>potes.&#39;&#39;</strong></span> <span class='ocrx_word' id='word_1_71' title='bbox 698 2015 801 2112; x_wconf 91' lang='lat' dir='ltr'><strong>(Sen.</strong></span> <span class='ocrx_word' id='word_1_72' title='bbox 832 2017 923 2090; x_wconf 89' lang='lat' dir='ltr'><strong>Ben.</strong></span> <span class='ocrx_word' id='word_1_73' title='bbox 955 2021 990 2090; x_wconf 90' lang='lat'><strong>6.</strong></span> <span class='ocrx_word' id='word_1_74' title='bbox 1020 2017 1097 2112; x_wconf 85' lang='lat'><strong>42).</strong></span> <span class='ocrx_word' id='word_1_75' title='bbox 1130 2014 1245 2090; x_wconf 92' lang='lat' dir='ltr'><strong>Nullo</strong></span> 
     </span>
     <span class='ocr_line' id='line_1_13' title="bbox 101 2137 991 2213; baseline 0.002 -2"><span class='ocrx_word' id='word_1_76' title='bbox 101 2155 196 2213; x_wconf 89' lang='lat' dir='ltr'><strong>teste</strong></span> <span class='ocrx_word' id='word_1_77' title='bbox 225 2155 292 2213; x_wconf 93' lang='lat' dir='ltr'><strong>aut</strong></span> <span class='ocrx_word' id='word_1_78' title='bbox 320 2137 440 2212; x_wconf 90' lang='lat' dir='ltr'><strong>iudice</strong></span> <span class='ocrx_word' id='word_1_79' title='bbox 467 2163 579 2213; x_wconf 92' lang='lat' dir='ltr'><strong>nemo</strong></span> <span class='ocrx_word' id='word_1_80' title='bbox 608 2163 748 2212; x_wconf 89' lang='lat' dir='ltr'><strong>nocens</strong></span> <span class='ocrx_word' id='word_1_81' title='bbox 775 2138 991 2213; x_wconf 90' lang='lat' dir='ltr'><strong>absolvitur.</strong></span> 
     </span>
    </p>

    <p class='ocr_par' dir='ltr' id='par_1_5' title="bbox 104 2259 1249 2852">
     <span class='ocr_line' id='line_1_14' title="bbox 150 2259 1244 2359; baseline 0 -25"><span class='ocrx_word' id='word_1_82' title='bbox 150 2260 305 2336; x_wconf 88' lang='lat' dir='ltr'><strong>Erranti</strong></span> <span class='ocrx_word' id='word_1_83' title='bbox 343 2261 519 2359; x_wconf 93' lang='lat' dir='ltr'><strong>opinioni,</strong></span> <span class='ocrx_word' id='word_1_84' title='bbox 558 2287 672 2358; x_wconf 86' lang='lat' dir='ltr'><strong>quam</strong></span> <span class='ocrx_word' id='word_1_85' title='bbox 710 2261 913 2357; x_wconf 88' lang='lat' dir='ltr'><strong>antiquitas</strong></span> <span class='ocrx_word' id='word_1_86' title='bbox 944 2259 1038 2334; x_wconf 89' lang='lat' dir='ltr'><strong>tanti</strong></span> <span class='ocrx_word' id='word_1_87' title='bbox 1066 2260 1244 2351; x_wconf 89' lang='lat' dir='ltr'><strong>habebat,</strong></span> 
     </span>
     <span class='ocr_line' id='line_1_15' title="bbox 104 2382 1248 2481; baseline -0.001 -25"><span class='ocrx_word' id='word_1_88' title='bbox 104 2383 228 2476; x_wconf 86' lang='lat' dir='ltr'><strong>Stoici,</strong></span> <span class='ocrx_word' id='word_1_89' title='bbox 259 2382 327 2458; x_wconf 89' lang='lat' dir='ltr'><strong>sed</strong></span> <span class='ocrx_word' id='word_1_90' title='bbox 349 2384 568 2481; x_wconf 87' lang='lat' dir='ltr'><strong>praesertim</strong></span> <span class='ocrx_word' id='word_1_91' title='bbox 589 2382 737 2458; x_wconf 86' lang='lat' dir='ltr'><strong>Seneca</strong></span> <span class='ocrx_word' id='word_1_92' title='bbox 759 2383 1025 2458; x_wconf 88' lang='lat' dir='ltr'><strong>conscientiam</strong></span> <span class='ocrx_word' id='word_1_93' title='bbox 1050 2383 1248 2481; x_wconf 91' lang='lat' dir='ltr'><strong>anteponit</strong></span> 
     </span>
     <span class='ocr_line' id='line_1_16' title="bbox 110 2505 1249 2604; baseline -0.002 -23"><span class='ocrx_word' id='word_1_94' title='bbox 110 2533 243 2603; x_wconf 86' lang='lat' dir='ltr'><strong>,quam</strong></span> <span class='ocrx_word' id='word_1_95' title='bbox 266 2505 394 2580; x_wconf 87' lang='lat' dir='ltr'><strong>saliere</strong></span> <span class='ocrx_word' id='word_1_96' title='bbox 421 2531 495 2580; x_wconf 95' lang='lat' dir='ltr'><strong>non</strong></span> <span class='ocrx_word' id='word_1_97' title='bbox 523 2505 672 2604; x_wconf 92' lang='lat' dir='ltr'><strong>potes.&#39;’</strong></span> <span class='ocrx_word' id='word_1_98' title='bbox 698 2506 949 2597; x_wconf 88' lang='lat' dir='ltr'><strong>Conscientia,</strong></span> <span class='ocrx_word' id='word_1_99' title='bbox 975 2531 1074 2604; x_wconf 89' lang='lat' dir='ltr'><strong>quae</strong></span> <span class='ocrx_word' id='word_1_100' title='bbox 1098 2531 1249 2604; x_wconf 89' lang='lat' dir='ltr'><strong>semper</strong></span> 
     </span>
     <span class='ocr_line' id='line_1_17' title="bbox 106 2628 1246 2728; baseline 0.004 -28"><span class='ocrx_word' id='word_1_101' title='bbox 106 2629 276 2704; x_wconf 92' lang='lat' dir='ltr'><strong>homines</strong></span> <span class='ocrx_word' id='word_1_102' title='bbox 316 2628 486 2725; x_wconf 85' lang='lat' dir='ltr'><strong>coarguit</strong></span> <span class='ocrx_word' id='word_1_103' title='bbox 521 2629 699 2727; x_wconf 90' lang='lat' dir='ltr'><strong>ipsosque</strong></span> <span class='ocrx_word' id='word_1_104' title='bbox 735 2629 804 2703; x_wconf 93' lang='lat' dir='ltr'><strong>sibi</strong></span> <span class='ocrx_word' id='word_1_105' title='bbox 839 2629 1015 2722; x_wconf 85' lang='lat' dir='ltr'><strong>ostendit,</strong></span> <span class='ocrx_word' id='word_1_106' title='bbox 1052 2645 1246 2728; x_wconf 92' lang='lat' dir='ltr'><strong>tamquam</strong></span> 
     </span>
     <span class='ocr_line' id='line_1_18' title="bbox 108 2751 1245 2852; baseline 0.004 -29"><span class='ocrx_word' id='word_1_107' title='bbox 108 2777 247 2827; x_wconf 91' lang='lat' dir='ltr'><strong>morum</strong></span> <span class='ocrx_word' id='word_1_108' title='bbox 278 2751 459 2851; x_wconf 90' lang='lat' dir='ltr'><strong>magister</strong></span> <span class='ocrx_word' id='word_1_109' title='bbox 480 2767 549 2843; x_wconf 88' lang='lat' dir='ltr'><strong>est,</strong></span> <span class='ocrx_word' id='word_1_110' title='bbox 574 2752 869 2852; x_wconf 87' lang='lat' dir='ltr'><strong>paedagogique</strong></span> <span class='ocrx_word' id='word_1_111' title='bbox 892 2778 1047 2827; x_wconf 89' lang='lat' dir='ltr'><strong>munere</strong></span> <span class='ocrx_word' id='word_1_112' title='bbox 1069 2753 1245 2851; x_wconf 84' lang='lat' dir='ltr'><strong>iungitur.</strong></span> 
     </span>
    </p>

    <p class='ocr_par' dir='ltr' id='par_1_6' title="bbox 110 2873 1247 3829">
     <span class='ocr_line' id='line_1_19' title="bbox 154 2873 1247 2975; baseline 0.005 -27"><span class='ocrx_word' id='word_1_113' title='bbox 154 2874 307 2950; x_wconf 91' lang='lat' dir='ltr'><strong>Etenim</strong></span> <span class='ocrx_word' id='word_1_114' title='bbox 332 2900 407 2948; x_wconf 94' lang='lat' dir='ltr'><strong>non</strong></span> <span class='ocrx_word' id='word_1_115' title='bbox 429 2873 550 2949; x_wconf 92' lang='lat' dir='ltr'><strong>solum</strong></span> <span class='ocrx_word' id='word_1_116' title='bbox 565 2875 765 2950; x_wconf 92' lang='lat' dir='ltr'><strong>commisso</strong></span> <span class='ocrx_word' id='word_1_117' title='bbox 779 2876 846 2950; x_wconf 91' lang='lat' dir='ltr'><strong>sed</strong></span> <span class='ocrx_word' id='word_1_118' title='bbox 860 2875 976 2949; x_wconf 90' lang='lat' dir='ltr'><strong>etiam</strong></span> <span class='ocrx_word' id='word_1_119' title='bbox 991 2877 1159 2975; x_wconf 85' lang='lat' dir='ltr'><strong>cogitato</strong></span> <span class='ocrx_word' id='word_1_120' title='bbox 1170 2901 1247 2954; x_wconf 69' lang='lat' dir='ltr'><strong>sce.</strong></span> 
     </span>
     <span class='ocr_line' id='line_1_20' title="bbox 110 2993 1245 3096; baseline 0.004 -29"><span class='ocrx_word' id='word_1_121' title='bbox 110 2993 176 3071; x_wconf 85' lang='lat' dir='ltr'><strong>iere</strong></span> <span class='ocrx_word' id='word_1_122' title='bbox 198 2995 429 3072; x_wconf 89' lang='lat' dir='ltr'><strong>conscientia</strong></span> <span class='ocrx_word' id='word_1_123' title='bbox 453 2997 625 3072; x_wconf 90' lang='lat' dir='ltr'><strong>homines</strong></span> <span class='ocrx_word' id='word_1_124' title='bbox 647 3013 799 3072; x_wconf 92' lang='lat' dir='ltr'><strong>accusat</strong></span> <span class='ocrx_word' id='word_1_125' title='bbox 822 3013 938 3096; x_wconf 92' lang='lat' dir='ltr'><strong>atque</strong></span> <span class='ocrx_word' id='word_1_126' title='bbox 955 2998 1120 3088; x_wconf 90' lang='lat' dir='ltr'><strong>damnat,</strong></span> <span class='ocrx_word' id='word_1_127' title='bbox 1137 2999 1189 3071; x_wconf 91' lang='lat' dir='ltr'><strong>ita</strong></span> <span class='ocrx_word' id='word_1_128' title='bbox 1203 3014 1245 3072; x_wconf 96' lang='lat' dir='ltr'><strong>ut</strong></span> 
     </span>
     <span class='ocr_line' id='line_1_21' title="bbox 112 3117 1245 3218; baseline 0.004 -29"><span class='ocrx_word' id='word_1_129' title='bbox 112 3121 251 3218; x_wconf 91' lang='lat' dir='ltr'><strong>saepius</strong></span> <span class='ocrx_word' id='word_1_130' title='bbox 288 3119 537 3194; x_wconf 89' lang='lat' dir='ltr'><strong>conscientiae</strong></span> <span class='ocrx_word' id='word_1_131' title='bbox 571 3119 729 3210; x_wconf 90' lang='lat' dir='ltr'><strong>actione,</strong></span> <span class='ocrx_word' id='word_1_132' title='bbox 766 3145 814 3194; x_wconf 91' lang='lat' dir='ltr'><strong>ne</strong></span> <span class='ocrx_word' id='word_1_133' title='bbox 850 3117 970 3194; x_wconf 89' lang='lat' dir='ltr'><strong>scelus</strong></span> <span class='ocrx_word' id='word_1_134' title='bbox 998 3120 1245 3212; x_wconf 84' lang='lat' dir='ltr'><strong>committant,</strong></span> 
     </span>
     <span class='ocr_line' id='line_1_22' title="bbox 113 3239 1246 3339; baseline 0.005 -29"><span class='ocrx_word' id='word_1_135' title='bbox 113 3239 354 3339; x_wconf 88' lang='lat' dir='ltr'><strong>impediantur</strong></span> <span class='ocrx_word' id='word_1_136' title='bbox 366 3243 404 3339; x_wconf 91' lang='grc'><strong>1).</strong></span> <span class='ocrx_word' id='word_1_137' title='bbox 444 3244 571 3338; x_wconf 77' lang='lat' dir='ltr'><strong>Quam</strong></span> <span class='ocrx_word' id='word_1_138' title='bbox 611 3241 661 3317; x_wconf 98' lang='lat' dir='ltr'><strong>ob</strong></span> <span class='ocrx_word' id='word_1_139' title='bbox 698 3267 777 3316; x_wconf 92' lang='lat' dir='ltr'><strong>rem</strong></span> <span class='ocrx_word' id='word_1_140' title='bbox 811 3259 850 3316; x_wconf 91' lang='lat' dir='ltr'><strong>et</strong></span> <span class='ocrx_word' id='word_1_141' title='bbox 878 3242 1116 3335; x_wconf 91' lang='lat' dir='ltr'><strong>conscientia,</strong></span> <span class='ocrx_word' id='word_1_142' title='bbox 1146 3267 1246 3338; x_wconf 88' lang='lat' dir='ltr'><strong>quae</strong></span> 
     </span>
     <span class='ocr_line' id='line_1_23' title="bbox 114 3359 1244 3463; baseline 0.004 -32"><span class='ocrx_word' id='word_1_143' title='bbox 114 3359 205 3438; x_wconf 84' lang='lat' dir='ltr'><strong>iactis</strong></span> <span class='ocrx_word' id='word_1_144' title='bbox 229 3363 457 3439; x_wconf 89' lang='lat' dir='ltr'><strong>antecedere</strong></span> <span class='ocrx_word' id='word_1_145' title='bbox 471 3364 602 3438; x_wconf 90' lang='lat' dir='ltr'><strong>dicitur</strong></span> <span class='ocrx_word' id='word_1_146' title='bbox 617 3379 731 3462; x_wconf 89' lang='lat' dir='ltr'><strong>atque</strong></span> <span class='ocrx_word' id='word_1_147' title='bbox 746 3390 921 3440; x_wconf 88' lang='lat' dir='ltr'><strong>sermone</strong></span> <span class='ocrx_word' id='word_1_148' title='bbox 935 3363 1244 3463; x_wconf 90' lang='lat' dir='ltr'><strong>philosophorum</strong></span> 
     </span>
     <span class='ocr_line' id='line_1_24' title="bbox 115 3484 1245 3585; baseline 0.005 -30"><span class='ocrx_word' id='word_1_149' title='bbox 115 3486 329 3562; x_wconf 89' lang='lat' dir='ltr'><strong>conscientia</strong></span> <span class='ocrx_word' id='word_1_150' title='bbox 370 3485 560 3585; x_wconf 88' lang='lat' dir='ltr'><strong>imperans</strong></span> <span class='ocrx_word' id='word_1_151' title='bbox 601 3487 662 3562; x_wconf 91' lang='lat' dir='ltr'><strong>vel</strong></span> <span class='ocrx_word' id='word_1_152' title='bbox 705 3487 934 3562; x_wconf 91' lang='lat' dir='ltr'><strong>antecedens</strong></span> <span class='ocrx_word' id='word_1_153' title='bbox 974 3487 1102 3562; x_wconf 86' lang='lat' dir='ltr'><strong>vocari</strong></span> <span class='ocrx_word' id='word_1_154' title='bbox 1137 3484 1245 3576; x_wconf 89' lang='lat' dir='ltr'><strong>solet,</strong></span> 
     </span>
     <span class='ocr_line' id='line_1_25' title="bbox 118 3609 1245 3707; baseline 0.003 -28"><span class='ocrx_word' id='word_1_155' title='bbox 118 3631 148 3679; x_wconf 89' lang='lat' dir='ltr'><strong>re</strong></span> <span class='ocrx_word' id='word_1_156' title='bbox 178 3634 271 3685; x_wconf 87' lang='lat' dir='ltr'><strong>vera</strong></span> <span class='ocrx_word' id='word_1_157' title='bbox 308 3634 331 3682; x_wconf 93' lang='lat' dir='ltr'><strong>a</strong></span> <span class='ocrx_word' id='word_1_158' title='bbox 365 3609 603 3701; x_wconf 91' lang='lat' dir='ltr'><strong>conscientia,</strong></span> <span class='ocrx_word' id='word_1_159' title='bbox 641 3635 739 3707; x_wconf 90' lang='lat' dir='ltr'><strong>quae</strong></span> <span class='ocrx_word' id='word_1_160' title='bbox 776 3609 909 3684; x_wconf 91' lang='lat' dir='ltr'><strong>dicitur</strong></span> <span class='ocrx_word' id='word_1_161' title='bbox 948 3609 1245 3707; x_wconf 66' lang='lat' dir='ltr'><strong>„consequens”</strong></span> 
     </span>
     <span class='ocr_line' id='line_1_26' title="bbox 118 3729 659 3829; baseline 0.015 -31"><span class='ocrx_word' id='word_1_162' title='bbox 118 3729 187 3804; x_wconf 90' lang='lat' dir='ltr'><strong>nihil</strong></span> <span class='ocrx_word' id='word_1_163' title='bbox 214 3732 429 3828; x_wconf 90' lang='lat' dir='ltr'><strong>discrepare</strong></span> <span class='ocrx_word' id='word_1_164' title='bbox 457 3730 604 3806; x_wconf 90' lang='lat' dir='ltr'><strong>videtur</strong></span> <span class='ocrx_word' id='word_1_165' title='bbox 619 3732 659 3829; x_wconf 66' lang='grc'><strong>9).</strong></span> 
     </span>
    </p>

    <p class='ocr_par' dir='ltr' id='par_1_7' title="bbox 159 3853 1245 3951">
     <span class='ocr_line' id='line_1_27' title="bbox 159 3853 1245 3951; baseline 0.001 -25"><span class='ocrx_word' id='word_1_166' title='bbox 159 3853 264 3928; x_wconf 89' lang='lat' dir='ltr'><strong>Multi</strong></span> <span class='ocrx_word' id='word_1_167' title='bbox 302 3870 428 3928; x_wconf 91' lang='lat' dir='ltr'><strong>autem</strong></span> <span class='ocrx_word' id='word_1_168' title='bbox 465 3868 563 3947; x_wconf 90' lang='lat' dir='ltr'><strong>sunt,</strong></span> <span class='ocrx_word' id='word_1_169' title='bbox 600 3854 662 3951; x_wconf 91' lang='lat' dir='ltr'><strong>qui</strong></span> <span class='ocrx_word' id='word_1_170' title='bbox 691 3854 941 3930; x_wconf 88' lang='lat' dir='ltr'><strong>conscientiae</strong></span> <span class='ocrx_word' id='word_1_171' title='bbox 969 3854 1141 3932; x_wconf 90' lang='lat' dir='ltr'><strong>iudicium</strong></span> <span class='ocrx_word' id='word_1_172' title='bbox 1169 3854 1245 3928; x_wconf 91' lang='lat' dir='ltr'><strong>iam</strong></span> 
     </span>
    </p>
   </div>
   <div class='ocr_carea' id='block_1_3' title="bbox 124 4063 326 4081">
    <p class='ocr_par' dir='ltr' id='par_1_8' title="bbox 124 4063 326 4081">
     <span class='ocr_line' id='line_1_28' title="bbox 124 4063 326 4081; baseline 0 -1"><span class='ocrx_word' id='word_1_173' title='bbox 124 4063 326 4081; x_wconf 43' lang='grc' dir='ltr'><strong>’.ὴ-*ιι</strong></span> 
     </span>
    </p>
   </div>
   <div class='ocr_carea' id='block_1_4' title="bbox 129 4191 1248 4684">
    <p class='ocr_par' dir='ltr' id='par_1_9' title="bbox 151 4191 1246 4260">
     <span class='ocr_line' id='line_1_29' title="bbox 151 4191 1246 4260; baseline 0.003 -20"><span class='ocrx_word' id='word_1_174' title='bbox 151 4191 171 4259; x_wconf 84' lang='lat'><strong>1)</strong></span> <span class='ocrx_word' id='word_1_175' title='bbox 186 4196 217 4246; x_wconf 84' lang='lat' dir='ltr'><strong>cf.</strong></span> <span class='ocrx_word' id='word_1_176' title='bbox 238 4195 332 4245; x_wconf 90' lang='lat' dir='ltr'><strong>Livius</strong></span> <span class='ocrx_word' id='word_1_177' title='bbox 344 4203 368 4260; x_wconf 80' lang='grc'><strong>5,</strong></span> <span class='ocrx_word' id='word_1_178' title='bbox 378 4207 394 4244; x_wconf 88' lang='lat'>2</span> <span class='ocrx_word' id='word_1_179' title='bbox 398 4202 427 4258; x_wconf 81' lang='lat'><strong>5:</strong></span> <span class='ocrx_word' id='word_1_180' title='bbox 440 4193 596 4258; x_wconf 80' lang='lat' dir='ltr'><strong>„Enimvero</strong></span> <span class='ocrx_word' id='word_1_181' title='bbox 606 4192 672 4243; x_wconf 89' lang='lat' dir='ltr'><strong>illud</strong></span> <span class='ocrx_word' id='word_1_182' title='bbox 683 4207 755 4242; x_wconf 85' lang='lat' dir='ltr'><strong>suam</strong></span> <span class='ocrx_word' id='word_1_183' title='bbox 765 4191 954 4243; x_wconf 82' lang='lat' dir='ltr'><strong>conscientiam</strong></span> <span class='ocrx_word' id='word_1_184' title='bbox 964 4207 1018 4242; x_wconf 87' lang='lat' dir='ltr'><strong>uon</strong></span> <span class='ocrx_word' id='word_1_185' title='bbox 1028 4191 1093 4260; x_wconf 82' lang='lat' dir='ltr'><strong>pati,</strong></span> <span class='ocrx_word' id='word_1_186' title='bbox 1102 4191 1175 4258; x_wconf 89' lang='lat' dir='ltr'><strong>quod</strong></span> <span class='ocrx_word' id='word_1_187' title='bbox 1185 4228 1191 4243; x_wconf 92' lang='lat'><strong>.</strong></span> <span class='ocrx_word' id='word_1_188' title='bbox 1203 4228 1209 4242; x_wconf 94' lang='lat'><strong>.</strong></span> <span class='ocrx_word' id='word_1_189' title='bbox 1220 4226 1246 4243; x_wconf 90' lang='lat'><strong>..</strong></span> 
     </span>
    </p>

    <p class='ocr_par' dir='ltr' id='par_1_10' title="bbox 149 4279 809 4348">
     <span class='ocr_line' id='line_1_30' title="bbox 149 4279 809 4348; baseline 0.003 -21"><span class='ocrx_word' id='word_1_190' title='bbox 149 4279 170 4346; x_wconf 88' lang='lat'><strong>2)</strong></span> <span class='ocrx_word' id='word_1_191' title='bbox 185 4283 215 4333; x_wconf 81' lang='lat' dir='ltr'><strong>ci.</strong></span> <span class='ocrx_word' id='word_1_192' title='bbox 238 4283 286 4333; x_wconf 90' lang='lat' dir='ltr'><strong>Dr.</strong></span> <span class='ocrx_word' id='word_1_193' title='bbox 306 4283 340 4335; x_wconf 91' lang='lat' dir='ltr'><strong>A.</strong></span> <span class='ocrx_word' id='word_1_194' title='bbox 359 4282 476 4348; x_wconf 83' lang='lat' dir='ltr'><strong>Kuyper,</strong></span> <span class='ocrx_word' id='word_1_195' title='bbox 495 4281 518 4330; x_wconf 85' lang='grc' dir='ltr'><strong>Ε</strong></span> <span class='ocrx_word' id='word_1_196' title='bbox 537 4281 607 4330; x_wconf 91' lang='lat' dir='ltr'><strong>Voto</strong></span> <span class='ocrx_word' id='word_1_197' title='bbox 626 4280 675 4347; x_wconf 90' lang='lat'><strong>111,</strong></span> <span class='ocrx_word' id='word_1_198' title='bbox 695 4296 722 4345; x_wconf 90' lang='lat' dir='ltr'><strong>p.</strong></span> <span class='ocrx_word' id='word_1_199' title='bbox 741 4293 809 4344; x_wconf 85' lang='lat'><strong>499:</strong></span> 
     </span>
    </p>

    <p class='ocr_par' dir='ltr' id='par_1_11' title="bbox 129 4365 1248 4684">
     <span class='ocr_line' id='line_1_31' title="bbox 151 4365 1248 4436; baseline 0 -20"><span class='ocrx_word' id='word_1_200' title='bbox 151 4365 208 4428; x_wconf 77' lang='lat' dir='ltr'><strong>„trs</strong></span> <span class='ocrx_word' id='word_1_201' title='bbox 230 4385 308 4436; x_wconf 73' lang='lat' dir='ltr'><strong>wear,</strong></span> <span class='ocrx_word' id='word_1_202' title='bbox 326 4369 359 4419; x_wconf 86' lang='lat' dir='ltr'><strong>de</strong></span> <span class='ocrx_word' id='word_1_203' title='bbox 378 4368 538 4419; x_wconf 88' lang='lat' dir='ltr'><strong>conscientie</strong></span> <span class='ocrx_word' id='word_1_204' title='bbox 556 4367 663 4433; x_wconf 84' lang='lat' dir='ltr'><strong>spreekt</strong></span> <span class='ocrx_word' id='word_1_205' title='bbox 679 4367 716 4432; x_wconf 88' lang='lat' dir='ltr'><strong>bij</strong></span> <span class='ocrx_word' id='word_1_206' title='bbox 737 4367 789 4418; x_wconf 91' lang='lat' dir='ltr'><strong>den</strong></span> <span class='ocrx_word' id='word_1_207' title='bbox 808 4367 920 4416; x_wconf 79' lang='lat' dir='ltr'><strong>zondaar</strong></span> <span class='ocrx_word' id='word_1_208' title='bbox 937 4365 989 4415; x_wconf 82' lang='lat' dir='ltr'><strong>oolr</strong></span> <span class='ocrx_word' id='word_1_209' title='bbox 1008 4365 1102 4416; x_wconf 70' lang='lat' dir='ltr'><strong>noorai</strong></span> <span class='ocrx_word' id='word_1_210' title='bbox 1116 4381 1150 4416; x_wconf 84' lang='lat' dir='ltr'><strong>en</strong></span> <span class='ocrx_word' id='word_1_211' title='bbox 1170 4381 1248 4416; x_wconf 79' lang='lat' dir='ltr'><strong>waar-</strong></span> 
     </span>
     <span class='ocr_line' id='line_1_32' title="bbox 129 4451 1248 4522; baseline 0.002 -22"><span class='ocrx_word' id='word_1_212' title='bbox 129 4451 217 4510; x_wconf 75' lang='lat' dir='ltr'><strong>,schum</strong></span> <span class='ocrx_word' id='word_1_213' title='bbox 244 4463 324 4522; x_wconf 82' lang='lat' dir='ltr'><strong>tegen</strong></span> <span class='ocrx_word' id='word_1_214' title='bbox 348 4456 382 4506; x_wconf 85' lang='lat' dir='ltr'><strong>de</strong></span> <span class='ocrx_word' id='word_1_215' title='bbox 404 4455 494 4521; x_wconf 78' lang='lat' dir='ltr'><strong>tonde,</strong></span> <span class='ocrx_word' id='word_1_216' title='bbox 520 4470 590 4504; x_wconf 86' lang='lat' dir='ltr'><strong>maar</strong></span> <span class='ocrx_word' id='word_1_217' title='bbox 614 4455 667 4504; x_wconf 81' lang='lat' dir='ltr'><strong>dau</strong></span> <span class='ocrx_word' id='word_1_218' title='bbox 692 4469 745 4504; x_wconf 84' lang='lat' dir='ltr'><strong>was</strong></span> <span class='ocrx_word' id='word_1_219' title='bbox 764 4453 814 4504; x_wconf 85' lang='lat' dir='ltr'><strong>wel</strong></span> <span class='ocrx_word' id='word_1_220' title='bbox 833 4453 939 4519; x_wconf 83' lang='lat' dir='ltr'><strong>terdege</strong></span> <span class='ocrx_word' id='word_1_221' title='bbox 958 4453 991 4503; x_wconf 86' lang='lat' dir='ltr'><strong>de</strong></span> <span class='ocrx_word' id='word_1_222' title='bbox 1009 4452 1120 4518; x_wconf 82' lang='lat' dir='ltr'><strong>condige</strong></span> <span class='ocrx_word' id='word_1_223' title='bbox 1138 4453 1248 4518; x_wconf 81' lang='lat' dir='ltr'><strong>neiging</strong></span> 
     </span>
     <span class='ocr_line' id='line_1_33' title="bbox 132 4538 1247 4604; baseline -0.005 -8"><span class='ocrx_word' id='word_1_224' title='bbox 132 4538 160 4596; x_wconf 64' lang='grc' dir='ltr'><strong>.οῐ</strong></span> <span class='ocrx_word' id='word_1_225' title='bbox 176 4541 222 4594; x_wconf 86' lang='lat' dir='ltr'><strong>lust</strong></span> <span class='ocrx_word' id='word_1_226' title='bbox 250 4542 326 4594; x_wconf 83' lang='lat' dir='ltr'><strong>reeds</strong></span> <span class='ocrx_word' id='word_1_227' title='bbox 345 4541 372 4593; x_wconf 90' lang='lat' dir='ltr'><strong>in</strong></span> <span class='ocrx_word' id='word_1_228' title='bbox 391 4558 440 4594; x_wconf 87' lang='lat' dir='ltr'><strong>ons</strong></span> <span class='ocrx_word' id='word_1_229' title='bbox 459 4541 599 4594; x_wconf 85' lang='lat' dir='ltr'><strong>werkeude</strong></span> <span class='ocrx_word' id='word_1_230' title='bbox 618 4557 652 4592; x_wconf 89' lang='lat' dir='ltr'><strong>en</strong></span> <span class='ocrx_word' id='word_1_231' title='bbox 672 4541 723 4592; x_wconf 88' lang='lat' dir='ltr'><strong>’tis</strong></span> <span class='ocrx_word' id='word_1_232' title='bbox 741 4541 872 4604; x_wconf 83' lang='lat' dir='ltr'><strong>hierover,</strong></span> <span class='ocrx_word' id='word_1_233' title='bbox 888 4542 933 4592; x_wconf 79' lang='lat' dir='ltr'><strong>dat</strong></span> <span class='ocrx_word' id='word_1_234' title='bbox 952 4539 985 4591; x_wconf 89' lang='lat' dir='ltr'><strong>de</strong></span> <span class='ocrx_word' id='word_1_235' title='bbox 1004 4539 1165 4592; x_wconf 85' lang='lat' dir='ltr'><strong>conscientie</strong></span> <span class='ocrx_word' id='word_1_236' title='bbox 1183 4555 1247 4592; x_wconf 84' lang='lat' dir='ltr'><strong>vou-</strong></span> 
     </span>
     <span class='ocr_line' id='line_1_34' title="bbox 132 4623 286 4684; baseline -0.026 0"><span class='ocrx_word' id='word_1_237' title='bbox 132 4623 170 4684; x_wconf 73' lang='lat' dir='ltr'><strong>,tis</strong></span> <span class='ocrx_word' id='word_1_238' title='bbox 183 4628 286 4682; x_wconf 57' lang='lat' dir='ltr'><strong>velden</strong></span> 
     </span>
    </p>
   </div>
   <div class='ocr_carea' id='block_1_5' title="bbox 0 0 1800 5644">
    <p class='ocr_par' dir='ltr' id='par_1_12' title="bbox 0 0 1800 5644">
     <span class='ocr_line' id='line_1_35' title="bbox 0 0 1800 5644; baseline 0 0"><span class='ocrx_word' id='word_1_239' title='bbox 0 0 1800 5644; x_wconf 95' lang='lat' dir='ltr'><strong> </strong></span> 
     </span>
    </p>
   </div>
  </div>
 </body>
</html>
