3576 5650
203 783 301 860 Vell.
333 786 411 859 Pat.
446 811 478 861 2.
516 811 573 879 14.

312 908 453 982 Effudit
494 935 629 982 vocem
672 910 1060 985 convenientissimam
1098 913 1346 989 conscientiae

312 1057 414 1105 suae.

202 1150 302 1226 Vell.
333 1153 412 1226 Pat.
446 1178 481 1226 2.
517 1175 600 1247 115.

311 1273 546 1372 Semperque
567 1275 688 1348 visum
710 1292 768 1349 est
791 1273 1006 1374 gloriosum,
1034 1279 1136 1376 quod
1164 1296 1264 1354 esset
1291 1295 1345 1355 tu-

311 1397 491 1470 tissimum
522 1441 574 1452 -
603 1413 640 1474 et
669 1415 757 1472 ante
786 1400 1035 1474 conscientiae
1072 1426 1195 1497 quam.
1221 1403 1345 1478 lamae

310 1517 530 1595 consultum.

201 1640 291 1716 Sen.
322 1640 441 1716 Clem.
478 1667 508 1717 1.
540 1668 575 1733 9.

310 1764 361 1837 Et
396 1791 480 1837 cum
519 1765 684 1839 defixum
724 1765 868 1840 videret
905 1793 974 1840 nec
1010 1793 1058 1841 ex
1093 1769 1344 1845 conventione

309 1886 382 1959 iam
411 1887 479 1960 sed
508 1913 555 1960 ex
583 1889 809 1963 conscientia
839 1904 1038 1964 tacentem.

201 2006 322 2082 Clem.
359 2033 389 2082 1.
425 2034 483 2102 13.

308 2130 424 2205 Suam
461 2132 728 2207 conscientiam
766 2131 917 2231 plenam
955 2132 1156 2209 sceleribus
1193 2161 1237 2210 ac
1271 2152 1344 2210 tor·

310 2255 443 2328 mentis
472 2255 679 2353 adaperuit.

200 2376 294 2450 Ben.
328 2401 361 2450 2.
394 2399 454 2471 25.

308 2499 360 2590 Si,
386 2500 706 2598 quemadmodum
732 2500 925 2593 debemus,
950 2501 1073 2576 affecti
1096 2528 1236 2596 sumuS,
1260 2529 1345 2577 con·
1386 2593 1395 2610 ,

309 2621 462 2696 scientia
489 2623 667 2697 eminebit
694 2623 731 2695 in
760 2621 877 2698 voltu.

200 2743 294 2817 Ben.
328 2769 361 2818 2.
394 2769 454 2839 33.

308 2865 461 2964 Triplex
484 2868 623 2941 fructus
645 2882 702 2942 est
720 2868 843 2966 operis
867 2869 934 2956 sui,
960 2894 1055 2943 unus
1078 2869 1341 2962 conscientiae,

310 2989 419 3063 hunc⁴
436 2989 609 3064 absoluto
643 3016 758 3088 opere
788 2991 955 3090 percipit,
985 2990 1079 3065 alter
1105 2992 1242 3084 famae,
1272 3008 1342 3066 ter·
1453 2984 1455 2988 ’

310 3113 382 3186 tius
409 3111 586 3188 utilitatis,

202 3235 296 3308 Ben.
326 3260 361 3327 4.
395 3260 454 3309 21.
519 3263 521 3270 ·

311 3357 454 3432 Dicitur
468 3375 609 3456 gratus,
622 3358 684 3454 qui
694 3358 797 3432 bono
807 3358 933 3433 animo
943 3358 1088 3455 accepit
1100 3358 1321 3432 beneficium
1335 3393 1343 3452 3

312 3480 413 3554 bono
440 3480 565 3554 debet.
601 3480 673 3553 Hic
704 3481 799 3553 intra
829 3480 1095 3554 conscientiam
1124 3479 1248 3555 clusus
1276 3497 1344 3558 est.

201 3601 297 3676 Ben.
328 3628 364 3695 4.
397 3627 456 3676 21.

183 3709 185 3712 ⁵
313 3725 397 3814 Hie,
426 3725 516 3823 quid
545 3723 644 3798 aliud
667 3726 844 3822 sequitur,
869 3751 984 3822 quam
1010 3726 1129 3824 ipsam
1155 3725 1344 3800 conscien-

313 3848 426 3920 tiam?
462 3873 561 3945 quae
593 3848 706 3922 etiam
739 3848 873 3922 obruta
902 3846 1076 3922 delectat.

92 4017 93 4022 =
197 3973 297 4046 Ben.
328 3997 364 4063 4.
397 3996 457 4064 34.

314 4092 351 4165 Si
376 4093 600 4190 promiseris,
624 4092 753 4189 inquit,
778 4107 816 4166 te
846 4092 1019 4166 daturum
1044 4091 1279 4182 beneficium,
1304 4107 1342 4165 et

314 4231 447 4313 postea
475 4217 662 4315 ingratum
696 4241 780 4289 esse
817 4215 953 4306 scieris,
992 4215 1110 4306 dabis,
1141 4215 1289 4288 annon?
1317 4214 1347 4286 si

313 4338 415 4426 lacis,
431 4339 551 4412 sciens
571 4363 724 4435 peccas:
750 4337 819 4410 das
841 4337 952 4427 enim,
977 4337 1036 4410 cui
1059 4361 1133 4410 non
1158 4337 1292 4428 debes3
1318 4336 1347 4408 si

316 4485 434 4559 negas
468 4475 510 4534 et
545 4460 617 4534 hoc
655 4459 769 4532 modo
799 4483 952 4557 peccas:
982 4457 1071 4555 quia
1100 4483 1174 4531 non
1204 4457 1272 4530 das
1301 4457 1347 4549 ei,

316 4583 373 4657 cui
400 4573 611 4682 promisisti.
643 4583 881 4657 Conscientia
909 4597 1034 4656 vestra
1059 4582 1131 4654 hoc
1154 4579 1238 4655 loco
1261 4580 1348 4653 titu-

1184 4728 1199 4781 3
