3528 5644
985 599 1056 670 106

505 814 603 902 ,Βίας
641 810 805 913 ἐρωτηθεὶς
838 814 870 887 τί
901 807 942 888 ἂν
978 806 1025 899 ἕιη
1062 823 1125 888 τῶν
1155 803 1241 887 κατὰ
1269 841 1324 888 τον
1352 815 1424 914 βίον
1454 805 1591 914 ἄφοβον,

452 928 556 1024 ,εἶπ’
585 931 661 1036 ὀρθή
691 929 908 1024 συνείδησις,”
934 957 1033 1029 quae
1056 933 1185 1020 verba,
1208 933 1266 1006 cui
1289 932 1487 1007 tribuenda
1506 932 1589 1023 sint,

445 1053 625 1126 incertum
650 1069 718 1127 est.
745 1054 847 1158 „o'pdd
872 1053 1077 1148 συνείδησις”
1103 1054 1283 1128 hocloco
1308 1080 1383 1128 non
1407 1053 1592 1152 significat

445 1191 586 1253 rectam
622 1176 898 1268 conscientiam,
934 1177 1001 1250 sed
1034 1177 1174 1251 bonam
1205 1177 1481 1251 conscientiam.
1512 1176 1585 1274 (Cf.

445 1299 534 1373 Sen.
565 1298 684 1374 Clem.
720 1325 750 1374 1.
788 1302 860 1397 15).
1586 1299 1590 1304 ’

500 1421 705 1515 Quomodo
743 1438 858 1520 atque
895 1423 1042 1519 quoties
1078 1421 1213 1496 Graeci
1250 1423 1449 1520 scriptores
1481 1447 1589 1513 voce,

444 1569 542 1641 quae
579 1559 636 1618 est
672 1548 864 1638 συνείδησις,
902 1545 957 1619 usi
995 1545 1079 1634 sint,
1121 1544 1265 1620 Kahler
1292 1545 1408 1620 fusius
1438 1545 1588 1618 uberius

445 1693 521 1764 que
557 1666 739 1759 disseruit,
777 1667 826 1740 ad
861 1694 974 1765 quem
1003 1694 1069 1742 eos
1098 1666 1249 1766 delego,
1279 1669 1342 1765 qui
1371 1667 1588 1741 haedere

446 1788 552 1886 plura
563 1789 656 1863 scire
665 1788 790 1864 velint.
802 1790 964 1864 Romani
975 1816 1215 1889 nequaquam
1226 1791 1418 1864 notionem
1429 1790 1456 1886 1)
1468 1815 1591 1886 neque

444 1936 579 1986 vocem
614 1911 863 1987 conscientiae
892 1939 915 1987 a
944 1912 1099 1987 Graecis
1121 1914 1279 1988 mutuati
1303 1928 1400 2004 sunt,
1426 1913 1464 1986 id
1488 1911 1591 2009 quod

445 2059 493 2107 ex
533 2035 586 2126 iis,
626 2060 724 2131 quae
758 2061 872 2132 supra
908 2036 957 2109 de
992 2034 1205 2111 evolvenda
1244 2050 1359 2133 atque
1393 2033 1591 2110 indicanda

369 2239 371 2242 ,
446 2157 598 2231 notione
614 2158 864 2232 conscientiae
874 2159 975 2256 apud
992 2159 1186 2232 Romanos
1201 2158 1340 2254 scripsi,
1356 2157 1446 2230 satis
1461 2156 1589 2254 liquet.

498 2280 617 2353 Recte
649 2280 761 2377 igitur
798 2280 955 2354 Euckeu
990 2281 1078 2355 dicit
1110 2280 1377 2379 („Geschichte
1405 2279 1473 2352 der
1500 2277 1588 2375 phil.

445 2400 750 2500 Terminologie‘'
800 2430 836 2499 p.
892 2405 999 2500 175):
1049 2403 1308 2497 ,Conscientia
1350 2401 1437 2475 darf
1473 2400 1592 2474 daher

452 2523 574 2616 ,nicht
610 2523 706 2598 wohl
744 2523 799 2599 als
832 2523 959 2600 blosse
989 2525 1277 2623 Uebersetzung
1305 2550 1380 2598 von
1409 2526 1592 2616 συνείδησις
1660 2549 1664 2554 ·

446 2646 663 2742 angesehen
691 2647 878 2722 werden.''
910 2648 952 2721 Id
981 2649 1218 2745 quodetiam
1247 2673 1293 2722 ex
1316 2646 1388 2720 loci
1410 2646 1591 2720 notissimi

446 2768 646 2865 Chrysippi
674 2769 991 2867 interpretatione,
1020 2771 1143 2846 lucide
1171 2785 1341 2870 apparet.

500 2889 700 2990 Chrysippi
735 2894 863 2982 verba,
907 2919 1005 2992 quae
1042 2910 1130 2968 sunt
1167 2909 1314 2998 „aporos
1343 2897 1457 2972 οἰκεῖον
1486 2891 1590 2996 λέγων

448 3013 505 3110 „(o‘
540 3008 737 3118 Χρύσιππος)
768 3012 848 3094 εἶναι
887 3014 958 3122 ζῴῳ
994 3016 1054 3104 τὴν
1093 3023 1209 3096 ἑαυτοῦ
1245 3011 1399 3095 σύστασιν
1437 3017 1494 3093 καὶ
1530 3013 1590 3106 τὴν

448 3132 593 3230 „rodcog
630 3137 837 3228 concidito-tf
876 3139 1013 3238 (Diog,
1038 3140 1163 3214 Laert.
1195 3158 1230 3233 7.
1263 3139 1326 3235 85)
1357 3163 1379 3212 a
1407 3137 1590 3210 Cicerone

446 3256 668 3357 Senecaque
682 3277 947 3336 memorantur.
958 3261 1355 3358 Quomodinterque
1363 3257 1589 3334 vocabulum

446 3385 627 3470 συνείδησις
655 3383 765 3457 vertit
794 3383 988 3474 „sensus”
1035 3415 1059 3424 ·’

501 3503 619 3598 Apud
659 3503 746 3580 Sen.
787 3506 858 3604 Ep.
894 3532 979 3581 121.
1011 3530 1031 3600 5
1063 3505 1244 3606 legimus:
1281 3506 1590 3600 ,Quaerebamus

453 3651 521 3719 ,an
531 3633 623 3700 esset
630 3628 799 3702 omnibus
811 3630 1044 3703 animalibus
1053 3629 1426 3703 constz'tutionissuae
1434 3631 1591 3702 sensus?

500 3747 617 3844 Apud
662 3748 737 3824 Cic.
784 3751 832 3824 de
877 3751 938 3824 fin.
988 3776 1022 3845 3.
1076 3757 1142 3825 16:
1184 3751 1308 3842 „Fieri
1352 3765 1479 3824 autem
1514 3775 1590 3824 non

449 3885 611 3967 „potest
641 3884 682 3943 ut
710 3887 933 3969 appeterent
960 3871 1111 3970 aliquid,
1142 3873 1210 3946 nisi
1237 3899 1384 3947 sensum
1413 3873 1593 3948 haberent

448 3993 538 4084 „sui
569 4018 692 4090 eoque
730 4019 771 4068 se
809 3993 1042 4094 diligerent.''
1081 3995 1122 4068 In
1161 3996 1313 4070 notione
1341 3994 1591 4069 conscientiae

447 4115 644 4189 indicanda
672 4117 785 4213 igitur
812 4133 890 4191 tam
921 4117 1111 4191 Ciceronis
1141 4144 1254 4215 quam
1283 4118 1452 4191 Senecae
1472 4116 1591 4191 verba

448 4261 523 4310 non
560 4252 705 4311 tantum
742 4237 967 4345 „oirco'ppapo”
997 4255 1083 4314 sunt
1110 4241 1168 4338 (cs.
1199 4241 1279 4314 Att.
1316 4265 1373 4314 12.
1405 4241 1489 4336 52),
1518 4240 1591 4313 hac

447 4359 483 4432 in
522 4384 562 4431 re
599 4357 750 4457 gloriari
777 4377 955 4458 possunt:
987 4362 1101 4455 „Non
1131 4363 1373 4461 interpretum
1402 4361 1592 4460 fungimur

488 4647 514 4714 1)
534 4647 575 4698 Cf.
590 4647 696 4715 Jahnel,
713 4665 738 4698 o.
749 4648 767 4698 l.
789 4666 815 4714 p.
838 4662 896 4700 100.
