1042 1552
560 205 586 223 86

286 259 411 277 conscientiae
430 258 517 283 fungitur,
537 258 562 276 sic
581 262 600 276 et
614 258 715 282 scriptores
730 258 860 276 Romanorum

286 293 326 308 tarn
343 289 454 308 vetustiores
472 295 530 314 quam
548 289 661 307 recentiores
675 295 738 310 voces,
753 295 803 313 quae
817 292 860 307 sunt

289 320 378 343 ¹,animus‚
398 326 456 342 mens,
475 319 553 344 pectus⁰
573 319 598 338 ad
616 319 654 338 vim
674 319 800 338 conscientiae
815 319 860 338 indi-

286 351 367 369 candam
381 354 476 375 usurpant.

314 381 357 400 Non
371 385 405 403 est,
420 387 452 399 cur
465 381 502 399 hoc
516 381 614 399 miremur!

316 412 390 436 ,Animi
401 411 464 430 enim*
476 412 501 430 ait
514 411 580 430 Cicero
588 412 620 436 (de
627 411 681 430 Orat.
691 417 708 435 3.
720 412 765 436 221)
775 415 815 434 „eet
821 417 860 430 orn-

287 443 315 461 nis
327 442 390 461 aetio'’
398 443 416 467 ²),
430 443 459 461 Ea.
470 446 540 464 aetate,
552 449 590 467 qua
602 442 699 461 involutae
710 442 767 461 animi
774 442 861 461 notiones

286 473 458 498 intelligentiaeque
464 473 547 492 nondum
553 479 643 492 excussae
648 477 701 492 erant
707 479 770 498 neque
775 473 860 492 homines

286 508 341 522 acute
353 504 409 522 animi
419 503 518 522 facultates
529 504 652 528 actionesque
663 504 802 526 discernebant,
815 503 860 528 quid

287 534 359 556 mirum,
378 534 393 553 si
411 534 508 559 scrupulos
527 534 641 559 aculeosque
655 534 703 558 illos,
718 535 750 559 qui
764 534 805 553 dies
816 540 859 553 nuc-

286 569 353 590 tesque
364 565 459 584 stimulant
470 572 493 584 ac
505 569 597 590 pungunt,
608 565 637 589 (cf.
650 565 688 584 Cic.
700 565 750 584 Rosc
755 565 800 584 Am.
808 571 824 584 2.
834 566 860 589 6.)

286 596 370 619 vocibus,
385 602 434 621 quae
450 600 494 615 sunt
509 596 592 619 animus,
603 602 660 619 mms,
668 598 735 620 pectus
743 596 857 614 indicabant.

287 626 343 650 Quae
357 633 414 645 voces
427 630 446 645 et
460 626 482 645 iis
495 626 617 651 temporibus,
632 627 699 652 quibus
713 633 752 645 vox
766 626 861 645 conscien-

287 657 325 675 tiae
342 657 449 681 srequenter
467 657 598 681 usurpabatur,
615 657 690 682 saepius
703 657 753 676 idem
767 657 860 682 significa-

287 687 339 706 bant.
359 688 383 706 Et
402 692 466 706 nostra
483 688 501 706 in
520 688 585 713 lingua
604 688 654 706 idem
673 688 791 712 conspicitur,
809 694 860 712 quae

287 718 371 741 vocibus,
384 725 433 743 quae
444 722 487 737 sunt
496 719 708 743 „gemoedss-»bezwaren'¹
717 722 736 737 et
747 722 860 743 „gewetens—

286 748 396 767 bezwaren'¹
411 749 491 768 eandem
506 749 545 768 fere
559 749 598 768 vim
612 749 681 768 tribuit.

314 779 354 798 Iam
372 779 390 798 in
409 780 509 803 narrando,
528 780 625 805 quomodo
644 780 736 805 Lysiteles
750 780 781 798 ille
795 786 860 798 secum

286 814 386 835 pugnaret,
400 816 466 829 vocem
479 817 528 835 quae
540 815 569 829 est
583 811 679 834 „animus”
690 815 754 836 partes
766 811 860 830 conscien-

286 841 324 859 tiae
338 841 455 860 obtinentem
469 841 570 860 vidimus?

313 871 356 890 Alia
369 871 457 896 exempla
470 872 518 891 haec
531 876 584 890 sunt:

287 902 327 920 Liv.
343 904 360 920 6.
377 908 407 926 34,

317 932 431 955 „Confusam
446 939 489 952 earn
501 940 524 952 ex
536 933 605 952 recenti
617 940 681 952 morsu
692 933 749 952 animi
756 939 798 952 cum
805 936 860 957 pater

316 963 375 987 „sorte
388 963 484 982 vidisset.¹'

287 994 325 1012 Cic.
341 994 365 1014 de
380 994 411 1012 off.
428 1000 445 1017 ³·
460 1000 491 1017 44.

316 1025 375 1048 „Cum
389 1031 435 1043 vero
447 1025 507 1043 iurato
518 1025 610 1044 sententia
619 1025 701 1046 dicenda
712 1025 741 1048 sit,
755 1025 859 1044 meminerit

316 1056 382 1079 „deum
397 1062 418 1074 se
431 1055 521 1074 adhibere
535 1060 608 1079 testem,
624 1056 642 1074 id
657 1060 691 1079 est,
705 1060 786 1075 mentem
798 1062 858 1079 suam,

316 1090 347 1110 „ut
367 1086 452 1109 arbitror,
474 1092 511 1110 qua
531 1086 574 1105 nihil
594 1086 664 1105 homini
682 1086 735 1105 dedit
754 1087 801 1105 deus
817 1086 859 1110 ipse

317 1117 425 1140 „divinius”

308 1197 319 1212 ι)
332 1197 348 1209 cr.
362 1198 389 1210 m.
402 1197 417 1210 de
430 1197 456 1213 ιιι.
469 1201 481 1210 2,
494 1201 518 1213 ηε
530 1197 622 1214 „cunnum
631 1197 652 1210 ιιι
661 1197 697 1210 anre
707 1197 723 1210 m
732 1197 764 1210 :100⁵
773 1197 817 1210 mim
826 1197 863 1210 viae

290 1220 333 1235 „ln-ut,
343 1219 355 1231 iu
366 1223 392 1235 quo
402 1221 432 1232 sunt
441 1219 498 1232 omnin:v
