3576 5650
813 587 860 657 39

271 775 382 850 Decl.
415 777 503 850 Mai.
540 797 597 872 17.
634 803 690 871 13.
742 757 746 764 ’

381 897 536 989 Felices
579 900 642 996 qui
683 900 825 974 habent
860 901 898 974 'in
928 899 1155 973 conscientia
1190 925 1270 991 sua,
1309 901 1411 997 quod

379 1022 542 1095 debeant
569 1023 783 1114 emendare,
811 1022 1010 1120 corrigere.

269 1158 382 1234 Deci.
416 1160 505 1233 Mai.
541 1185 597 1250 19.
631 1181 664 1254 7.

381 1281 532 1355 Nullum
562 1283 641 1355 sine
670 1283 896 1356 conscientia
926 1297 1067 1380 pectus
1099 1280 1199 1356 nulla
1227 1282 1305 1356 vita
1333 1283 1412 1356 sine

380 1405 500 1478 causis
528 1406 688 1479 tacendi.

271 1541 381 1617 Deci.
413 1545 502 1618 Mai.
539 1568 596 1638 19.
629 1572 663 1637 9.

379 1667 429 1739 Et
466 1667 502 1739 in
540 1669 815 1743 execrationem
844 1663 923 1742 inei
951 1666 1189 1759 conscientia,
1221 1666 1308 1763 quia
1337 1690 1411 1740 non

379 1791 660 1881 emendabatur,
690 1806 892 1865 exarserat.

270 1910 381 1987 Deel.
411 1912 503 1986 Mai.
539 1938 596 2006 19.
632 1939 689 2006 14.

381 2050 436 2123 Ita
466 2075 541 2124 non
570 2077 610 2125 es
638 2068 836 2126 contentus
863 2051 1091 2124 conscientia
1120 2067 1194 2124 tua.

273 2169 388 2268 Apul.
418 2187 506 2246 met.
540 2197 573 2266 3.
604 2199 639 2266 4.

380 2292 533 2369 Intuens
682 2321 805 2370 meam
835 2297 1009 2370 miseram
1040 2295 1315 2370 conscientiam.

270 2448 361 2507 met.
396 2453 428 2526 7.
466 2459 522 2508 11.

381 2555 527 2629 Necte
556 2571 620 2629 tua
649 2554 876 2629 conscientia
905 2553 1090 2629 stimulat?

272 2706 362 2767 met.
395 2697 428 2768 8.
461 2719 518 2767 12.

380 2814 540 2889 Ultrices
568 2814 723 2889 habebis
741 2875 747 2887 .
768 2874 775 2888 .
794 2872 827 2888 ..
860 2831 898 2888 et
926 2831 1131 2913 perpetuae
1160 2817 1411 2891 conscientiae
1446 2876 1452 2882 .

379 2936 579 3012 stimulum.

271 3089 361 3149 met.
397 3099 454 3149 10.
487 3080 521 3149 8.

379 3198 465 3295 Ipse
507 3223 582 3271 non
620 3223 773 3294 possum
811 3196 957 3272 calcata
999 3197 1191 3271 numinum
1231 3197 1412 3297 religione

379 3321 643 3394 conscientiam
660 3346 783 3393 meam
798 3319 930 3394 fallens
944 3346 1142 3418 perperam
1158 3322 1409 3418 pronuntiare.

272 3459 322 3532 de
352 3459 437 3532 Deo
466 3459 571 3534 Socr.
602 3486 633 3532 c.
670 3463 726 3531 16.

379 3582 479 3676 Quin
517 3567 643 3656 omnia
680 3582 825 3654 curiose
860 3579 920 3655 ille
958 3580 1049 3678 (scil.
1084 3583 1262 3680 daemon)
1300 3584 1410 3679 parti·

380 3704 490 3800 eipet‚
524 3705 649 3778 omnia
688 3704 823 3796 visitet,
863 3704 988 3778 omnia
1025 3702 1230 3802 intellegat,
1260 3704 1296 3776 in
1325 3705 1412 3802 ipsis

379 3827 615 3923 penitissimis
648 3828 834 3901 mentibus
862 3828 944 3901 vice
973 3827 1223 3901 conscientiae
1253 3827 1413 3901 diverse·

380 3963 450 4021 tur.
491 3950 576 4040 Hic,
614 3976 728 4047 quem
757 3949 854 4040 dico,
883 3976 1035 4047 prorsus
1063 3965 1190 4024 custos
1217 3947 1414 4048 singularis

380 4071 615 4168 praefectus.
634 4130 642 4145 .
661 4131 668 4146 .
688 4130 696 4146 .

271 4207 376 4285 Asel.
410 4235 470 4304 33.

382 4332 490 4408 Haec
515 4350 640 4408 autem
665 4333 822 4409 intentio
843 4334 1081 4432 pervidendis
1104 4333 1217 4407 tantis
1233 4335 1414 4430 angustis-

381 4457 475 4530 sima
518 4473 574 4532 est
618 4458 737 4549 nobiS,
788 4456 968 4533 latissima
1010 4483 1114 4548 ver0‚
1159 4483 1243 4530 cum
1284 4456 1418 4530 viderit

380 4579 555 4655 felicitate
583 4582 844 4656 conscientiae.
