3528 5644
726 599 775 688 89

227 808 297 881 Cui
339 809 441 882 enim
478 823 668 884 tormenta
706 809 819 884 animi
857 811 993 884 conscii
1024 811 1156 909 ignota
1192 813 1321 887 erant?

176 929 332 1005 Iniuriae
379 932 449 1004 sibi
490 933 670 1025 conscire,
711 949 948 1030 quantopere
998 960 1022 1008 a
1073 935 1207 1031 quavis
1247 933 1321 1009 alia

56 1089 60 1098 ·
172 1053 324 1144 scientia
374 1054 515 1128 differt!
568 1054 727 1129 Sceleris
778 1057 1006 1130 conscientia
1048 1073 1163 1132 terret
1204 1073 1321 1156 atque

174 1177 359 1250 excruciat
392 1176 585 1252 scelestos.
629 1177 741 1270 „Heu
778 1179 1006 1253 conscientia
1043 1181 1157 1253 animi
1193 1180 1321 1277 gravis

179 1312 255 1389 „est
282 1299 468 1374 servitus”
501 1299 620 1396 (Publ.
650 1299 734 1398 Syr.
767 1300 818 1375 H.
852 1306 928 1400 25).

225 1420 367 1514 Verba,
405 1448 503 1520 quae
538 1437 625 1496 sunt
658 1423 826 1515 ‚animus
854 1423 1049 1498 conscius’'
1079 1424 1190 1522 igitur
1218 1421 1320 1496 nullo

173 1541 436 1640 supplemento
469 1545 655 1642 egebant3
694 1545 778 1641 quis
813 1546 926 1638 enim,
957 1545 1046 1644 quid
1074 1543 1164 1619 illud
1191 1569 1319 1620 secum

174 1664 267 1738 scire
295 1666 365 1739 sibi
391 1664 518 1758 vellet,
548 1666 770 1765 ignorabat?

226 1787 373 1860 Eodem
426 1788 542 1862 modo
583 1788 686 1886 apud
728 1788 898 1864 Graecos
939 1790 1099 1864 verbum
1140 1789 1320 1870 συνειδέναι

175 1908 347 1986 absolute
374 1927 574 2009 usurpatur
600 1911 646 1986 cf.
677 1911 809 2009 Lysias
842 1920 941 2019 ,Περὶ
968 1923 1025 1991 τοῦ
1053 1913 1186 2004 anzo?
1207 1915 1318 2009 §36z

232 2039 310 2127 ,καὶ
349 2032 410 2136 μὲν
445 2033 489 2120 δὴ
527 2023 551 2110 ἶ)
587 2033 693 2138 βουλὴ
732 2035 867 2138 φανερδν
903 2034 984 2114 εἶναι
1020 2041 1168 2140 ἡγοῦμαι
1206 2033 1253 2113 ἔτι
1292 2041 1321 2112 ei

180 2152 403 2260 ,Νικομάχου
447 2158 648 2250 ἐξαιτοῦντος
691 2153 767 2248 τοὺς
812 2157 999 2262 α’νθαῖιτιους
1035 2159 1084 2261 μὴ
1122 2159 1319 2264 παρεδίδουν

182 2277 336 2370 ,ἐδόκουν
366 2276 408 2356 ἂν
436 2280 571 2381 ἐμαυτῷ
597 2277 819 2357 συνειδέναι.”

229 2400 332 2474 Idem
362 2401 548 2475 invenitur
574 2401 677 2498 apud
706 2400 797 2498 Lyc.
826 2429 858 2478 e.
890 2403 1022 2477 Leocr.
1051 2404 1076 2498 ξ
1107 2425 1177 2497 30:

233 2519 313 2616 ,διδι
340 2524 377 2602 τδ
404 2524 582 2604 συνειδέναι
611 2530 718 2635 ἐαυτῷ
746 2521 898 2632 ἕφυγυν.”

227 2645 327 2738 Vox,
358 2672 456 2744 quae
492 2663 551 2720 est
586 2648 768 2741 conscius,
810 2648 913 2747 apud
941 2673 1074 2722 omnes
1103 2646 1180 2722 lere
1209 2646 1319 2744 scrip·

175 2781 276 2841 tores
302 2767 439 2844 latinos
465 2769 612 2867 legitur.

229 2891 346 2988 Apud
384 2891 483 2966 Non.
524 2893 640 2967 Marc.
680 2893 725 2968 11.
770 2917 815 2986 14
854 2893 928 2990 (ed.
960 2891 1134 2990 Mueller)
1161 2891 1318 2988 legitur:

236 3011 362 3105 ‚Seius
384 3029 423 3088 et
446 3015 616 3089 conscius
639 3015 712 3089 hoc
737 3015 924 3102 differunt,
950 3016 1054 3112 quod
1067 3015 1163 3088 scius
1178 3039 1318 3107 secum,

181 3136 372 3227 ‚conscius
398 3137 652 3212 indifferenter
677 3138 842 3235 positum
870 3135 1110 3236 legerimus.’'

230 3257 278 3351 Is,
321 3258 385 3356 qui
425 3259 564 3357 aliquid
601 3286 748 3334 mecum
785 3260 865 3350 scit,
906 3260 994 3333 mihi
1031 3259 1200 3332 conscius
1235 3285 1320 3334 esse

177 3379 310 3453 dicitur
338 3379 384 3454 cl.
414 3379 533 3455 Plaut.
564 3383 661 3456 Rud.
693 3388 793 3474 926:

237 3503 403 3595 „Aurum
440 3504 499 3577 hic
536 3528 611 3602 ego
645 3505 767 3580 inesse
804 3530 900 3597 reor,
937 3530 1006 3579 nec
1034 3505 1123 3579 mihi
1151 3504 1320 3579 conscius

183 3641 262 3718 „est
288 3623 385 3699 ullus
411 3625 565 3700 h0m0.’'

174 3917 394 3930 ——

179 4120 284 4187 dicitur,
302 4120 359 4172 scil.
377 4135 437 4170 eum
456 4123 523 4171 mule
540 4121 633 4171 habere
651 4135 810 4186 prorsusque
829 4119 974 4170 disturbare
992 4124 1071 4182 atque
1090 4117 1222 4182 exagitare
1237 4116 1321 4168 homi-

177 4223 247 4257 nem.
268 4205 406 4272 „Habere”
425 4207 505 4273 igitur
523 4207 564 4258 his
582 4207 647 4257 locis
666 4206 797 4272 significat
817 4203 976 4272 „tractare'';
995 4203 1150 4270 plerumque
1169 4203 1322 4254 adverbium

178 4295 261 4344 verbo
285 4293 443 4359 adiungitur.
469 4294 551 4359 Apud
576 4294 713 4344 Caesarem
737 4295 848 4359 legimus
875 4293 929 4358 „uti
953 4293 1073 4358 equitatu
1092 4307 1185 4356 agmen
1203 4290 1322 4343 adversa-

177 4382 275 4430 riorum
310 4382 377 4430 male
409 4381 514 4430 haberet
545 4389 572 4430 et
604 4388 723 4446 carperet
755 4380 800 4447 (de
833 4382 863 4430 B.
897 4381 927 4430 C.
967 4393 988 4429 1.
1012 4379 1084 4448 63)”.
1111 4379 1200 4428 Verba
1227 4379 1322 4447 Plauti,

179 4484 248 4534 quae
265 4469 345 4517 modo
363 4469 468 4518 laudavi
487 4497 522 4506 —
541 4469 563 4518 si
582 4476 667 4519 vertas
689 4469 773 4532 „nien
791 4469 814 4517 is
833 4469 977 4532 ellendiger
996 4468 1048 4517 dan
1066 4483 1116 4517 een
1135 4467 1220 4516 slecht
1239 4482 1323 4531 gewe-

177 4563 235 4621 ten,
252 4555 339 4604 zoouls
358 4555 403 4606 dut
421 4557 467 4622 my
484 4555 545 4623 (nu)
564 4556 591 4605 in
610 4556 662 4621 zijn
680 4555 768 4606 maebt
785 4554 866 4622 heeft,
884 4555 928 4620 mij
948 4553 1108 4606 behrndelt''
1127 4582 1163 4591 —
1181 4553 1249 4604 nihil
1267 4570 1322 4605 non

179 4643 348 4708 perspicuum
367 4649 415 4693 est.
