3528 5644
711 583 782 660 ¹¹7

227 777 364 874 „Jenes
400 776 517 852 stolze
552 775 787 852 Vertrauen’¹
826 777 944 875 inquit
985 777 1076 866 „aus
1097 777 1157 852 die
1181 777 1313 852 Macht

173 900 268 989 „des
307 899 491 976 sittlichen
527 899 687 976 Willens
718 901 795 975 und
823 900 890 975 der
917 900 1096 994 Einsicht,
1125 927 1200 976 von
1228 899 1312 976 wel·

172 1024 311 1112 „chem
348 1023 409 1098 die
444 1023 607 1098 stoische
641 1022 756 1098 Ethik
793 1023 967 1122 ansging,
1005 1023 1052 1099 ist
1078 1024 1140 1098 bei
1166 1022 1314 1100 Seneca

173 1146 272 1236 „ties
291 1145 525 1222 erschiittert.
556 1145 673 1222 W’are
702 1145 788 1220 dem
816 1145 918 1220 nicht
945 1171 1000 1236 so,
1030 1171 1074 1221 so
1103 1148 1245 1222 kbnnte
1274 1173 1315 1222 er

173 1269 278 1358 „sich
320 1270 414 1344 iiber
453 1269 513 1344 die
554 1268 759 1344 Schw'ache
800 1267 876 1343 und
918 1267 1211 1368 Schlechtigkeit
1248 1269 1315 1344 des

47 1381 48 1404 ¹
175 1392 410 1488 ,Menschen
447 1391 524 1466 und
559 1395 652 1467 tiber
687 1393 749 1468 die
783 1391 1167 1467 Unvermeidlichkeit
1193 1391 1315 1468 dieser

176 1513 360 1614 ,Mangel
390 1515 489 1590 nicht
516 1541 560 1590 so
589 1515 692 1590 stark
721 1526 874 1590 atissern
888 1515 955 1615 ’)”.

226 1636 330 1712 Vera
363 1635 611 1736 tranquillitas
645 1663 720 1713 non
757 1638 898 1736 pendet
926 1664 973 1713 ex
1001 1637 1219 1730 benefactis
1248 1637 1315 1713 scd

46 1809 47 1862 3
169 1761 352 1859 imprimis
393 1786 441 1835 ex
482 1759 742 1836 iustificatione
782 1759 856 1850 illa,
900 1786 1013 1860 quam
1055 1761 1239 1836 habemus
1278 1762 1315 1836 in

170 1884 327 1958 Christo
351 1884 441 1980 Jesu
455 1884 493 1981 ³).
524 1883 668 1976 Gratia,
698 1908 798 1981 quae
825 1883 956 1958 dicitur
979 1884 1198 1972 communis,
1227 1909 1316 1983 gen·

171 2005 299 2081 tilibus
336 2006 613 2100 conscientiam,
651 2007 929 2099 accusatricem,
968 2021 1115 2097 testem,
1143 2007 1314 2098 iudicem,

171 2129 419 2220 monitricem,
462 2129 634 2204 cordibus
674 2129 871 2228 imposuit,
915 2154 999 2204 eam
1042 2155 1133 2204 vero
1175 2130 1315 2205 bonam

173 2253 452 2345 conscientiam,
490 2272 589 2350 quae
630 2252 821 2328 hominem
862 2277 952 2327 vere
993 2250 1168 2328 absolvat
1208 2252 1318 2350 eique

45 2389 46 2430 ἐ
174 2375 293 2450 dicat:
330 2391 391 2464 „tu
419 2373 547 2450 salvus
575 2400 627 2468 es,
656 2390 696 2449 tu
724 2400 765 2450 es
793 2374 1014 2474 purgatus,’'
1044 2373 1139 2450 fides
1165 2389 1312 2450 tanturn

45 2547 46 2570 .
176 2498 386 2572 Christiana
413 2499 580 2596 praebet.

228 2619 481 2715 Quantumvis
510 2620 732 2696 adiutorium
755 2620 950 2721 gentilium
973 2619 1082 2695 suerit
1105 2619 1207 2694 bona
1230 2645 1316 2695 con-

177 2743 339 2836 scientia,
392 2768 466 2818 non
508 2743 546 2818 id
587 2741 766 2820 solacium
808 2744 991 2842 praebere
1032 2743 1165 2842 potuit,
1216 2742 1318 2841 quod

178 2864 322 2964 integra
357 2863 418 2940 illa
455 2865 694 2957 conscientia,
732 2866 780 2940 de
815 2891 891 2964 qua
926 2863 1178 2940 Tertullianus
1211 2865 1317 2940 dicit:

184 3013 303 3086 ,quae
331 2988 451 3063 maior
478 2988 653 3088 voluptas
682 3015 796 3088 quam
811 2988 1105 3064 -conscientia
1132 2987 1316 3086 integra.''

178 3111 292 3207 (Tert.
323 3111 518 3210 despect.
551 3114 614 3210 29)
642 3115 667 3210 ).

231 3235 425 3330 Quantum
462 3236 512 3310 ab
540 3234 761 3334 antiquitate
789 3233 851 3309 illa
880 3231 983 3308 Pauli
1011 3235 1128 3308 verba
1157 3234 1316 3309 distant:

184 3356 241 3446 „ll
279 3354 346 3463 γὰρ
387 3353 552 3463 καύχησις
592 3364 688 3463 ἡμῶν
728 3354 810 3446 αὕτη
850 3360 950 3462 ἐστίν,
980 3357 1016 3436 ro*
1051 3353 1226 3463 μαρτύριον
1262 3372 1321 3452 τῆς

184 3482 417 3576 ησυνειδήσεως
454 3485 565 3586 ἡμῶν,
600 3480 647 3560 ὅτι
685 3483 716 3560 ἐν
754 3481 901 3586 ἁγιότητι
944 3483 1001 3562 καὶ
1043 3487 1225 3588 ειλικρινείᾳ
1264 3489 1320 3560 τοῦ

184 3609 277 3699 »θεοῦ
309 3600 387 3682 οὐκ
420 3604 461 3682 ἐν
499 3611 631 3709 σοφίᾳ
666 3611 880 3715 σαρκίκῃ,
915 3600 1005 3683 ἀλλὰ
1038 3605 1070 3682 ἐν
1104 3600 1213 3710 χάριτι
1250 3610 1321 3683 θεοῦ

184 3722 449 3832 »ἀνεστράφημεν
473 3727 505 3805 ἐν
529 3741 574 3836 τῷ
602 3726 714 3832 κόσμῳ
742 3726 966 3834 περισσοτέρως
993 3724 1030 3805 δὲ
1050 3726 1127 3834 πρὸς
1150 3727 1263 3831 ὑμᾶς”
1279 3727 1318 3826 ⁴).

235 3849 404 3924 Mentem
446 3875 591 3947 puram,
634 3847 900 3924 conscientiam
942 3848 1139 3948 integram,
1183 3848 1321 3923 Christi

179 3988 326 4047 tantum
348 3973 512 4072 sanguis,
537 3972 771 4072 Spiritusque
785 3971 914 4048 Sancti
928 3970 1172 4048 sanctificatio
1187 3971 1321 4046 afferre

181 4111 316 4195 potest.

222 4369 248 4436 1)
266 4369 360 4436 Zeller,
379 4369 431 4419 o.l.
451 4371 517 4422 111¹.
538 4385 564 4434 p.
585 4379 609 4432 7.

218 4457 245 4524 2)
263 4456 297 4506 ci.
317 4457 405 4506 Ames.
426 4457 474 4522 „de
494 4456 664 4508 Conscientia
681 4465 708 4508 et
727 4458 783 4509 eius
802 4459 857 4509 lure
878 4457 920 4508 vel
938 4457 1069 4526 casibus'',
1088 4459 1136 4511 ΙΙΙ.
1156 4474 1179 4508 c.
1199 4468 1223 4521 7.

220 4529 248 4594 3)
267 4529 301 4579 cf.
320 4529 391 4578 Tert.
411 4529 444 4579 de
463 4529 541 4579 Cultu
561 4529 622 4579 lem.
642 4543 666 4581 2.

218 4617 249 4684 4)
267 4615 341 4666 Paul.
361 4615 412 4685 Ep.
431 4615 465 4668 ad
484 4617 545 4669 Cor.
565 4629 589 4669 2.
612 4629 633 4670 1.
657 4629 697 4672 12.
