3528 5644
734 616 781 689 95

175 831 313 880 vocem
357 805 529 900 „animi”
570 806 769 906 Landgraf
800 821 901 882 recte
938 807 1049 882 vertit
1092 809 1326 908 „Regungen

182 929 274 1022 „des
311 928 724 1006 Schuldbewustseins”
764 929 823 1027 (cl.
862 931 1029 1028 Landgr.
1069 931 1147 1006 Cic.
1184 957 1252 1029 pro
1286 931 1325 1007 S.

178 1050 294 1126 Rosc.
334 1051 452 1148 Am).
497 1051 721 1126 Conferatur
757 1052 805 1125 de
843 1053 914 1126 hac
950 1077 1046 1126 voce
1083 1052 1326 1151 Nagelsbach

178 1174 266 1248 Lat.
315 1172 397 1248 Stil.
451 1177 491 1246 8e
544 1173 645 1248 Aufl.
696 1201 732 1270 p.
784 1177 878 1268 189:
927 1175 1030 1269 „Das
1067 1175 1325 1268 Abstractum,

183 1296 333 1390 „indem
371 1322 413 1371 es
447 1297 499 1370 im
537 1294 659 1372 Plural
697 1297 860 1371 konkret
895 1296 996 1387 wird,
1035 1298 1219 1372 erweitert
1248 1298 1326 1373 sich

183 1419 326 1513 „damit
345 1447 390 1492 zu
409 1420 512 1495 einer
525 1419 688 1494 Vielheit
703 1445 778 1494 von
794 1421 1077 1517 Aiisserungen‚
1095 1422 1321 1519 Regungen,

185 1541 498 1639 „Thatigkeitem
535 1567 577 1616 es
612 1541 659 1616 ist
696 1542 756 1616 die
793 1543 909 1616 durch
946 1543 1019 1616 den
1050 1543 1238 1617 Numerus
1264 1543 1327 1617 be-

184 1665 338 1758 „wirkte
361 1664 657 1763 Verk'orperung
680 1666 783 1739 eines
807 1665 908 1738 nicht
927 1664 1130 1741 sinnlichen
1146 1667 1328 1766 Begrifles

184 1787 247 1880 „in
282 1787 350 1861 der
386 1786 731 1886 Manniglaltigkeit
768 1787 889 1861 seiner
927 1787 1130 1863 sinnlichen
1159 1788 1327 1863 Erschei-

185 1907 402 2008 „nungem”

238 2031 405 2121 Locuti0,
445 2057 544 2130 quae
583 2047 640 2106 est
676 2030 904 2107 conscientia
940 2033 1053 2108 animi
1088 2033 1149 2108 vel
1178 2033 1325 2128 mentis

176 2155 217 2228 in
261 2154 392 2230 litteris
434 2155 616 2231 Romanis
656 2180 741 2230 raro
784 2157 950 2231 obvenit.
982 2157 1097 2255 Apud
1125 2158 1326 2256 scriptores

178 2293 270 2376 post
299 2277 490 2352 Ciceronis
518 2293 682 2354 aetatem
710 2279 893 2368 viventes,
923 2279 1000 2354 lere
1029 2303 1104 2354 non
1129 2281 1325 2370 invenitur,

178 2416 223 2474 ut
261 2427 307 2475 ex
342 2399 434 2474 locis
465 2401 501 2474 in
538 2402 662 2500 capite
690 2402 855 2476 secundo
883 2401 1033 2476 huiusce
1063 2403 1325 2500 disputationis

178 2523 304 2599 allatis
338 2539 508 2622 apparet.
549 2524 666 2623 Apud
705 2525 926 2600 Ciceronem
954 2551 1021 2600 sex
1049 2523 1140 2600 locis
1167 2525 1324 2626 legitur3

178 2647 337 2739 Caesar,
376 2649 438 2745 qui
475 2646 592 2722 semel
625 2663 771 2722 tantum
798 2674 893 2722 voce
921 2648 1170 2724 conscientiae
1200 2651 1323 2742 utitur,

177 2772 215 2845 ei
239 2771 409 2867 adiungit
430 2794 564 2844 vocem
589 2786 760 2868 quaeest
776 2770 907 2866 animi3
923 2770 960 2844 in
976 2773 1167 2846 sententiis
1183 2771 1326 2846 Publilii

176 2893 265 2992 Syri
302 2893 405 2968 notio
442 2893 692 2968 conscientiae
730 2892 951 2991 plerumque
988 2892 1188 2985 locutione,
1227 2921 1326 2992 quae

176 3032 239 3093 est
266 3016 379 3092 animi
407 3015 645 3104 conscientia,
675 3015 878 3110 indicatum
899 3031 1096 3116 praeterea
1118 3017 1220 3114 apud
1246 3017 1326 3115 Hy·

175 3141 309 3240 ginum
335 3154 450 3237 atque
474 3138 746 3214 Tertullianum
771 3137 888 3213 semel
912 3154 1058 3214 tantum
1081 3140 1209 3230 verba,
1226 3166 1326 3237 quae

175 3281 266 3340 sunt
289 3263 403 3339 animi
426 3262 662 3356 conscientia,
687 3260 872 3361 leguntur.
900 3262 979 3336 Iam
995 3261 1196 3360 quaeritur,
1213 3288 1326 3359 quae-

175 3413 268 3463 nam
296 3387 480 3462 sententia
509 3385 542 3462 ei
571 3387 738 3460 subiecta
766 3387 835 3481 sit3
864 3385 1001 3461 deinde
1029 3411 1094 3461 cur
1117 3412 1164 3460 ea
1186 3383 1324 3461 locutio

174 3528 257 3587 tam
299 3536 385 3586 raro
423 3526 603 3599 occurrat,
642 3509 844 3585 ostendere
881 3511 1060 3584 conabor.

232 3634 458 3732 Plerumque
481 3633 745 3709 conscientiam
769 3632 883 3707 animi
896 3629 958 3707 vel
969 3633 1104 3707 mentis
1118 3631 1328 3731 significare

181 3756 404 3857 „geweten”
433 3783 503 3856 pro
529 3772 632 3832 certo
656 3755 780 3831 habeo
803 3781 927 3854 neque
952 3755 1122 3829 K'ahlero
1146 3754 1328 3853 astipulor

175 3881 316 3957 dicenti
344 3879 435 3976 (o.l.
465 3907 500 3978 p.
534 3882 619 3978 57l:

238 4004 387 4099 „Animi
424 4003 650 4078 conscientia
686 4003 733 4077 ist
771 4003 949 4077 aunachst
985 4024 1055 4074 nur
1091 3999 1325 4098 Umsetzung

182 4127 275 4222 „des
311 4127 377 4202 Ins.
414 4127 450 4200 in
488 4127 557 4202 das
596 4126 758 4216 Nomen,
798 4126 864 4200 mit
893 4126 978 4199 dem
1008 4123 1143 4197 Sinne:
1173 4123 1224 4233 im
1253 4122 1326 4196 ein-

181 4248 337 4347 ‚zelnen
374 4248 479 4324 Falle
514 4250 617 4324 einer
654 4248 776 4323 Sache
813 4249 898 4322 inne
931 4247 1101 4341 werden3
1131 4247 1249 4321 daher
1275 4245 1325 4319 im

181 4372 480 4468 „Unterschiede
514 4398 590 4447 von
628 4372 791 4447 lremder
820 4370 1073 4470 Mittheilung‚
1103 4385 1219 4445 etwas
1248 4369 1326 4443 sich

182 4493 322 4592 „selbst
350 4495 595 4594 eingestehen
624 4493 815 4570 miissen.’'

233 4620 313 4693 Iam
365 4645 489 4716 supra,
533 4633 715 4716 quantum
757 4616 927 4694 dolorem
969 4617 1116 4693 animus
1157 4617 1327 4692 conscius
