3528 5644
936 593 986 680 ⁶4

446 801 534 875 Non
575 800 650 875 iam
692 800 921 875 extrinsecus
957 798 1072 874 homo
1110 825 1194 874 sese
1227 798 1385 898 ligatum
1421 801 1539 876 sentit

359 927 365 936 '
393 949 516 1022 neque
540 923 688 1014 Furiae,
712 938 754 996 ut
778 919 1027 1016 Quintilianus
1051 922 1149 1014 dicit,
1174 922 1409 997 extrinsecus
1436 923 1538 997 veni-

392 1055 474 1139 unt,
503 1048 569 1121 sed
591 1046 696 1120 intus
724 1052 935 1118 nascuntur
949 1045 987 1141 ¹).

448 1168 552 1244 Ante
588 1193 721 1243 omnes
757 1165 872 1241 Stoici
898 1167 981 1241 hoc
1010 1166 1124 1240 modo
1153 1166 1319 1241 omnium
1348 1191 1539 1241 commen·

391 1292 559 1366 ticiarum
601 1288 810 1365 fabularum
852 1289 1035 1364 rationem
1078 1289 1236 1365 reddere
1275 1290 1400 1363 conati
1436 1304 1536 1364 sunt.

392 1415 437 1490 cs.
489 1411 619 1504 Zeller‚
666 1412 728 1486 die
774 1409 1010 1508 Philosophie
1060 1412 1127 1486 der
1165 1411 1365 1499 Griechen‚
1404 1411 1456 1484 Ill
1494 1438 1535 1508 p.

395 1560 490 1631 323:
541 1534 687 1624 „Schon
731 1531 844 1624 Zen0‚
890 1535 986 1608 noch
1030 1534 1135 1608 mehr
1176 1533 1267 1608 aber
1310 1531 1533 1625 KleantheS,

397 1658 649 1756 „Chrysippus
692 1657 769 1730 und
812 1656 891 1731 ihre
941 1656 1172 1753 Nachlolger
1212 1657 1417 1730 bemiihten
1451 1656 1532 1729 sich

397 1781 455 1870 „in
502 1779 575 1853 den
619 1778 781 1852 Gottern
826 1779 893 1852 des
932 1775 1237 1876 Volksglaubens
1273 1779 1351 1852 und
1389 1778 1425 1850 in
1461 1778 1538 1851 den

397 1900 680 2000 „Erz'ahlungen
715 1925 792 1973 von
827 1901 957 1975 diesen
996 1900 1158 1975 G'ottern
1197 1898 1540 1998 naturphilosophi-

397 2025 507 2114 „sche
545 2023 621 2098 und
650 2021 873 2097 moralische
903 2024 1040 2097 ldeeen
1071 2023 1362 2112 nachzuweisem
1392 2020 1537 2096 welche

397 2162 528 2237 „unter
567 2142 760 2219 bildlicher
799 2143 914 2218 H'rille
951 2145 1056 2219 darin
1096 2142 1355 2242 niedergelegt
1392 2140 1537 2216 seien.’'

391 2271 612 2368 Priusquam
656 2292 761 2359 ver0‚
811 2268 900 2365 quid
947 2266 1062 2341 Stoici
1099 2266 1149 2340 de
1185 2264 1365 2365 religione
1401 2266 1539 2340 docue-

392 2393 474 2480 rint,
511 2392 672 2482 tradam,
711 2399 897 2488 quatenus
931 2389 1083 2487 quidem
1112 2405 1264 2463 nostrae
1292 2388 1536 2486 disputationi

288 2518 295 2524 ’
392 2513 545 2589 alicuius
591 2499 770 2587 momenti
812 2513 869 2605 sit,
913 2510 1092 2586 nonnulla
1132 2512 1186 2603 iis,
1230 2537 1328 2609 quae
1369 2511 1446 2585 iam
1487 2511 1539 2585 de

390 2635 626 2710 iureiurando
661 2635 745 2725 dixi,
778 2635 928 2710 addam.
970 2633 1122 2708 Nullam
1157 2634 1409 2732 expiationem
1446 2659 1533 2708 esse

390 2759 443 2852 iis,
474 2758 538 2856 qui
566 2758 769 2856 prudentes
796 2755 1014 2832 fefellissent
1041 2757 1116 2832 iam
1146 2757 1305 2832 vidimus
1319 2757 1358 2855 Β).

445 2882 740 2979 Nonnumquam
774 2897 901 2955 tamen
939 2881 1080 2955 sactum
1116 2897 1186 2973 est,
1222 2896 1263 2953 ut
1299 2879 1413 2954 etiam
1451 2905 1537 2976 pru-

390 3004 524 3078 dentes
560 3004 818 3101 expiarentur3
850 3004 951 3101 apud
976 3003 1057 3078 Liv.
1087 2999 1247 3102 legimus
1274 3003 1326 3100 (9.
1358 3004 1422 3100 1.):
1453 3002 1538 3092 „Ne

395 3124 505 3221 „nihil
539 3141 691 3202 actum.
710 3184 718 3201 .
737 3183 771 3200 ..
802 3126 873 3199 hac
898 3123 1088 3222 legatione
1116 3124 1310 3214 censeatis,
1340 3124 1549 3232 expiatum·

394 3265 486 3340 „est,
530 3248 706 3346 quicquid
737 3275 783 3323 ex
810 3249 964 3323 foedere
991 3264 1102 3346 rupto
1130 3247 1267 3322 irarum
1294 3248 1331 3321 in
1360 3272 1429 3322 nos
1452 3273 1536 3321 cae-

396 3370 564 3465 „lestium
593 3369 699 3444 suit.'’
1243 3434 1248 3442 .

444 3491 633 3566 Interdum
671 3493 792 3591 igitur,
822 3519 906 3566 cum
936 3489 1074 3567 utilitas
1102 3491 1154 3566 rei
1183 3489 1355 3590 publicae
1384 3492 1422 3566 id
1449 3517 1536 3590 pos-

389 3640 474 3690 cere
510 3614 720 3704 videbatur‚
758 3615 956 3713 pontifices
998 3615 1083 3712 „qui
1118 3613 1340 3712 dirigeaient
1383 3612 1420 3688 la
1447 3638 1535 3687 con·

394 3738 562 3834 „science
599 3737 756 3813 timoree
800 3738 850 3812 du
889 3735 1026 3837 peuple
1066 3735 1255 3811 Romain'’
1294 3737 1461 3834 (Bouche
1497 3733 1536 3811 le

429 4195 455 4265 ι)
479 4195 512 4248 cf.
532 4194 645 4266 Quintil.
664 4194 740 4246 Decl.
761 4206 827 4259 314:
849 4194 922 4260 „Nec
942 4199 1028 4244 tamen
1047 4193 1094 4244 illa
1110 4193 1175 4244 mihi
1193 4209 1262 4244 vana
1281 4193 1445 4260 quorundam
1462 4194 1536 4246 vide-

390 4292 449 4350 „tur
473 4300 529 4335 esse
555 4284 700 4350 persuasio,
725 4283 771 4348 qui
796 4283 906 4332 credunt
931 4298 986 4332 non
1011 4283 1171 4332 extrinsecus
1195 4281 1243 4332 has
1267 4281 1346 4332 furias
1370 4281 1459 4332 venire
1484 4298 1535 4332 nec

391 4372 485 4438 „ullius
501 4371 608 4422 deorum
624 4371 739 4436 impulsu
756 4371 824 4420 hanc
840 4369 995 4420 mortalibus
1005 4369 1128 4420 incidisse
1146 4368 1439 4419 dementiamsednasci
1449 4369 1535 4438 intus3

390 4457 593 4522 „conscientium
612 4473 677 4524 esse,
697 4472 765 4521 quae
784 4463 916 4523 torqueat,
933 4457 1048 4506 animum
1068 4471 1134 4523 esse,
1152 4456 1199 4520 qui
1217 4453 1305 4508 urat”.

425 4542 455 4608 2)
472 4543 505 4594 cf.
524 4545 604 4594 Mser.
623 4543 676 4594 Sat.
698 4557 720 4593 1.
741 4543 788 4593 16:

427 4629 600 4696 „Prudentem
617 4629 724 4694 expiare
743 4645 797 4678 non
816 4644 893 4694 posse
912 4629 1038 4681 Scaevola
1055 4629 1176 4696 pontifex
1194 4623 1322 4681 maximus
1341 4629 1517 4685 affirmabst”.
