3576 5650
991 559 1042 648 46

544 781 644 840 certe
683 766 898 842 meritorum
935 765 1031 840 intra
1065 764 1204 842 malam
1233 766 1500 844 conscientiam
1530 770 1585 844 in-

545 887 742 964 clusorum.

438 1011 497 1086 Ps.
527 1010 615 1086 Sen.
647 1036 747 1086 mon.
781 1016 840 1084 26.

544 1130 650 1209 Mala
664 1134 889 1208 conscientia
905 1158 1022 1232 saepe
1037 1147 1117 1208 tuta
1133 1149 1201 1227 est,
1217 1161 1349 1211 secura
1359 1162 1579 1234 numquam.

436 1253 590 1351 Quintil.
620 1255 708 1330 Inst.
741 1255 808 1330 Or.
845 1280 902 1331 12.
939 1281 969 1330 1.

544 1375 672 1451 Malae
700 1377 952 1453 conscientiae
981 1404 1137 1476 poenas.

437 1499 545 1574 Decl.
578 1501 667 1574 Mai.
704 1525 761 1574 12.
793 1503 827 1574 8.

544 1623 605 1696 An
631 1625 776 1720 (testor)
801 1638 967 1697 nostram
987 1623 1125 1698 malam
1150 1625 1428 1717 conscientiam,
1452 1625 1578 1700 omnia

544 1770 613 1818 nos
647 1761 736 1819 ante
764 1744 907 1836 secisse,
937 1771 1035 1843 quae
1064 1771 1175 1821 nemo
1204 1762 1354 1845 praeter
1382 1771 1451 1820 nos
1478 1747 1576 1820 iecit.

437 1864 544 1943 Deci.
577 1866 667 1940 Mai.
705 1891 762 1940 12.
799 1891 855 1962 14.

544 1989 692 2064 Cotidie
729 1989 854 2064 felices
893 2005 1060 2065 mortuos
1098 1989 1221 2066 clamo
1257 2007 1295 2066 et
1333 1989 1455 2065 malae
1492 2017 1579 2066 con-

543 2112 720 2186 scientiae
747 2111 891 2187 facibus
919 2113 1095 2212 agitatus.

438 2234 552 2335 Apul.
584 2252 672 2309 met.
705 2260 738 2331 3.
769 2260 805 2329 4.

543 2357 596 2431 At
623 2383 698 2453 ego
719 2357 806 2431 nihil
829 2374 917 2431 tunc
946 2358 1126 2454 temporis
1154 2358 1313 2456 amplius
1341 2385 1454 2456 quam
1484 2358 1575 2434 flere

542 2496 726 2578 poteram,
743 2505 817 2554 non
832 2496 911 2553 tam
926 2479 1097 2554 hercules
1111 2479 1359 2555 truculentam
1373 2482 1577 2556 accusatio-

541 2628 627 2676 nem
651 2603 798 2677 intuens
821 2628 935 2700 quam
956 2628 1079 2677 meam
1104 2603 1277 2677 miseram
1294 2604 1573 2678 conscientiam.

435 2741 522 2800 met.
556 2746 589 2821 7.
623 2750 656 2819 3.

541 2847 715 2945 Denique
767 2872 813 2920 ne
862 2845 961 2921 mala
1013 2848 1239 2923 conscientia
1289 2863 1367 2923 tam
1414 2845 1576 2924 scelesto

441 2989 460 3005 ‘
539 2968 679 3043 crimini
707 2994 885 3065 praesens
913 2969 1061 3044 viderer
1089 2968 1235 3044 silentio
1263 2971 1484 3045 consentire.

434 3108 522 3168 met.
555 3113 588 3188 7.
620 3117 655 3183 9.

541 3215 618 3288 Sed
634 3211 756 3288 malae
771 3213 1020 3290 conscientiae
1036 3231 1181 3290 reatum
1193 3203 1288 3290 intra
1300 3241 1359 3289 me
1370 3213 1574 3288 sustinebo,

434 3352 521 3412 met.
555 3362 587 3432 7.
622 3357 682 3432 27.

539 3460 609 3534 Est
646 3459 744 3533 enim
782 3486 995 3559 congruens
1022 3461 1192 3557 pessimis
1220 3460 1416 3534 conatibus
1444 3475 1578 3534 contra

539 3583 690 3656 noxiam
719 3584 985 3658 conscientiam
1013 3609 1146 3681 parare
1175 3583 1423 3657 securitatem.

433 3721 520 3781 met.
552 3733 587 3799 9.
624 3731 683 3779 21.

540 3828 778 3902 Conscientia
805 3846 933 3903 tamen
962 3827 1126 3927 pessima
1155 3829 1369 3927 permixtus,

433 3966 519 4026 met.
552 3978 586 4043 9.
621 3956 680 4023 26.
1044 3961 1048 3968 '

538 4073 596 4146 Et¹
623 4087 749 4147 tamen
778 4072 881 4146 taciti
908 4070 1071 4146 vulneris
1099 4088 1138 4147 et
1165 4097 1256 4146 suae
1285 4071 1460 4146 sordidae
1488 4096 1577 4144 con-

538 4195 716 4269 scientiae
745 4195 985 4268 commonita.

432 4332 519 4391 met.
556 4341 612 4392 10.
646 4322 706 4391 26.

538 4440 756 4537 Antequam
793 4439 1042 4538 trepidatione
1076 4439 1202 4537 aliqua
1239 4439 1300 4514 vel
1338 4438 1578 4514 cunctatione

538 4562 619 4658 ipsa
647 4560 755 4636 daret
783 4559 906 4636 malae
934 4563 1186 4638 conscientiae
1214 4560 1474 4659 suspicionem.
