3576 5650
763 609 812 678 43

323 825 391 873 nec
419 824 511 873 vero
540 799 653 872 deum
681 799 821 874 offendi
850 797 1102 874 oblectatione
1130 797 1302 874 hominis.

210 916 264 995 'de
292 921 396 996 Test.
425 946 486 995 an.
517 947 548 995 c.
581 943 615 1016 5.

323 1044 399 1118 Sed
428 1044 490 1141 qui
519 1043 701 1118 eiusmodi
730 1044 945 1141 eruptiones
974 1043 1122 1117 animae
1151 1069 1226 1118 non
1253 1058 1357 1141 puta·

322 1167 375 1240 vit
411 1166 620 1240 doctrinam
657 1192 740 1240 esse
779 1183 935 1241 naturae
973 1181 1011 1239 et
1052 1166 1277 1264 congenitae
1320 1181 1358 1240 et

323 1289 511 1385 ingenitae
552 1290 802 1363 conscientiae
844 1288 958 1362 tacita
1000 1289 1210 1379 commissa,
1260 1289 1358 1363 dicet

322 1412 445 1508 potius
473 1410 698 1487 diventilatis
727 1413 763 1485 in
791 1410 929 1510 volgus
956 1411 1203 1510 opinionibus,

216 1534 265 1608 ad
295 1535 382 1608 Nat.
419 1559 450 1607 1.
483 1541 517 1608 6.

322 1659 508 1753 Quotiens
545 1659 799 1756 comprimitur
836 1673 874 1732 et
912 1673 1100 1732 coartatur
1130 1657 1357 1732 conscientia

322 1796 459 1856 vestra.

216 1903 266 1977 ad
297 1903 386 1978 Nat.
422 1929 453 1978 1.
488 1925 521 1998 7.

322 2027 422 2121 Quia
450 2051 562 2100 nemo
591 2027 637 2100 sit
665 2027 765 2100 sama
794 2027 861 2100 sed
891 2026 1118 2100 conscientia
1146 2041 1280 2100 certus.

219 2148 268 2223 ad
299 2149 387 2222 Nat.
423 2175 453 2222 1.
490 2173 547 2223 10.

323 2271 399 2344 Sed
436 2287 673 2370 contemptus
708 2272 856 2346 honesti
892 2287 950 2346 est
986 2272 1131 2346 habens
1164 2272 1356 2369 quandam

322 2394 519 2491 superbiae
547 2393 721 2492 gloriam3
750 2395 854 2469 venit
882 2395 980 2468 enim
1010 2394 1214 2492 aliquando
1242 2394 1356 2468 etiam

323 2517 371 2589 de
395 2515 528 2590 fiducia
549 2515 611 2590 vel
635 2517 884 2591 conscientiae
908 2517 1106 2591 securitate
1121 2515 1182 2591 vel
1198 2515 1356 2591 naturali

324 2636 551 2714 sublimitate
579 2641 703 2714 animi.

216 2761 266 2835 ad
296 2761 384 2835 Nat.
420 2788 450 2836 1.
485 2786 544 2836 20.

324 2884 448 2958 Rediit
462 2884 687 2959 conscientia
701 2885 751 2958 ad
762 2886 958 2960 veritatem
974 2900 1012 2958 et
1026 2886 1076 2958 ad
1092 2884 1356 2958 conscientiam

323 3008 501 3081 veritatis,

215 3129 267 3204 ad
296 3129 383 3204 Nat.
417 3155 450 3204 2.
486 3156 517 3204 1.

324 3254 537 3327 Provocans
564 3253 686 3350 ipsam
714 3251 978 3328 conscientiam
1004 3268 1168 3327 vestram
1197 3252 1246 3326 ad
1274 3277 1357 3325 cen·

323 3375 481 3448 sendum
505 3401 553 3449 an
578 3401 667 3450 vere
691 3376 762 3468 dei,
788 3393 829 3450 ut
850 3373 973 3469 vultis,
996 3401 1044 3449 an
1069 3373 1174 3465 salso,
1202 3391 1242 3450 ut
1264 3375 1357 3449 scire

324 3523 398 3571 non
423 3497 545 3572 vultis,

216 3619 267 3693 ad
297 3620 384 3693 Nat.
417 3645 449 3693 2.
487 3644 516 3694 1.

325 3739 445 3816 Multa
473 3759 570 3832 sunt,
600 3742 734 3840 quibus
762 3743 939 3817 teneritas
968 3744 1217 3817 conscientiae
1242 3743 1357 3817 obdu·

324 3880 425 3939 ratur
453 3865 488 3937 in
518 3861 762 3938 callositatem
793 3864 990 3940 voluntarii
1019 3865 1163 3939 erroris.

215 3986 266 4061 ad
297 3987 384 4059 Nat.
418 4011 452 4077 2,
485 4007 518 4082 7.

324 4109 400 4182 Sed
422 4108 521 4183 enim
549 4108 586 4181 in
614 4108 685 4183 isto
714 4109 879 4206 mythico
907 4134 1060 4208 genere,
1089 4109 1191 4206 quod
1220 4124 1358 4207 poetae
1462 4201 1470 4216 .

323 4232 456 4324 serunt,
493 4257 606 4329 quam
649 4231 777 4304 incerti
819 4231 930 4330 agitis
971 4231 1066 4305 circa
1108 4231 1358 4305 conscientiae

323 4355 505 4451 pudorem
534 4370 573 4428 et
600 4354 753 4452 pudoris
782 4354 1050 4428 defensionem.

215 4477 278 4551 De
309 4477 384 4550 An.
417 4497 477 4572 57.

323 4598 400 4672 Sed
428 4599 523 4674 ratio
557 4597 726 4673 fallaciae
757 4597 859 4673 solos
886 4625 961 4673 non
991 4599 1085 4698 sugit
1113 4596 1355 4690 Christianos,
