3528 5644
992 603 1064 672 114

462 807 520 886 „et
557 791 722 868 custos.’'
762 791 1029 889 Unusquisque
1056 791 1104 867 sit
1130 792 1344 891 speculator
1371 792 1427 866 sui
1455 817 1596 867 consor-

454 941 524 1013 que
549 922 712 990 secretus
725 916 764 1013 ¹).

509 1038 586 1112 Sed
610 1038 690 1138 ipse
712 1037 857 1112 Seneca
882 1038 955 1112 iam
980 1037 1156 1134 queritur,
1183 1037 1300 1114 multa
1323 1037 1414 1114 vitia
1428 1035 1599 1111 homines

457 1185 480 1234 a
507 1161 644 1236 virtute
669 1162 868 1236 abducere.

516 1284 741 1379 „Ceterum”
785 1284 902 1382 inquit
945 1284 1065 1380 „idem
1102 1311 1251 1383 semper
1288 1286 1336 1361 de
1373 1285 1480 1360 nobis
1517 1309 1601 1381 pro·

463 1407 656 1501 „nuntiare
692 1407 923 1499 debebimus
959 1406 1079 1481 malos
1107 1433 1190 1482 esse
1218 1433 1299 1501 nos,
1329 1406 1449 1482 malos
1476 1406 1600 1497 luisse,

465 1529 620 1623 „invitus
642 1530 800 1604 adiciam
825 1546 864 1603 et
882 1530 1024 1605 futuros
1039 1556 1122 1605 esse
1136 1531 1202 1628 8).”
1219 1531 1307 1605 Alio
1320 1529 1404 1604 loco
1419 1529 1599 1628 legimus:

464 1652 573 1741 „Non
603 1668 659 1727 est
688 1653 916 1727 extrinsecus
944 1652 1083 1727 malum
1106 1669 1293 1728 nostrum:
1318 1655 1414 1727 intra
1438 1679 1507 1727 nos
1531 1667 1600 1744 est,

464 1775 521 1869 „in
549 1776 752 1850 visceribus
780 1777 869 1874 ipsis
896 1777 1003 1850 sedet
1030 1792 1069 1850 et
1095 1777 1181 1850 ideo
1212 1775 1407 1851 difficulter
1434 1775 1484 1849 ad
1507 1775 1602 1848 sani·

465 1913 604 1993 „tatem
633 1899 883 1997 pervenimus,
909 1898 997 1996 quia
1017 1923 1088 1972 nos
1111 1915 1310 1997 aegrotare
1335 1899 1520 1972 nescimus
1534 1897 1600 1995 8).”

514 2020 568 2114 ld,
598 2022 701 2118 quod
730 2020 876 2095 Seneca
893 2023 977 2096 ‘rem
1002 2021 1215 2096 facillimam
1238 2037 1347 2119 putat
1370 2020 1444 2096 scil.
1471 2046 1600 2096 secun·

461 2145 549 2217 dum
588 2160 760 2218 naturam
789 2145 928 2237 vivere,
958 2145 1146 2218 communi
1174 2145 1317 2219 insania
1346 2143 1602 2219 difficillimum

463 2266 620 2342 efficitur
633 2269 672 2365 ⁴).

514 2390 726 2464 Stoicorum
747 2390 863 2463 virtus
884 2389 1069 2488 imperare
1093 2416 1167 2464 non
1183 2391 1304 2488 potuit
1319 2415 1442 2488 neque
1456 2416 1603 2464 summo

460 2512 545 2587 loco
574 2528 685 2600 stare,
715 2539 799 2586 cum
826 2538 958 2587 verum
987 2515 1208 2611 obsequium
1235 2515 1462 2613 ignorarent.

521 2636 585 2725 „ln
614 2635 714 2709 omni
743 2635 918 2709 continuo
941 2636 1164 2732 pravitate‚'’
1195 2637 1313 2736 inquit
1341 2637 1473 2712 Cicero
1494 2638 1605 2732 „etin

467 2784 636 2849 „summa
668 2759 885 2856 opinionum
916 2761 1161 2856 perversitate
1184 2787 1393 2854 versamur3
1418 2776 1459 2834 ut
1483 2786 1605 2859 paene

468 2908 573 2977 „cum
621 2880 718 2955 lacte
774 2882 923 2955 nutricis
974 2908 1138 2957 errorem
1188 2884 1331 2957 suxisse
1381 2883 1601 2957 videamur”

463 3005 588 3102 (Tusc.
619 3004 712 3102 disp.
746 3029 779 3098 3.
816 3006 863 3102 1.)

516 3129 792 3202 Adumbratam
830 3143 975 3202 tantum
1013 3129 1220 3204 honestatis
1255 3129 1458 3228 imaginem
1496 3154 1606 3203 unus·

461 3254 620 3352 quisque
662 3266 898 3326 consectatur
945 3269 1007 3341 „ut
1050 3279 1236 3351 nusquam
1279 3269 1435 3327 naturae
1477 3251 1603 3326 lumen

464 3374 671 3474 appareat’‘
688 3377 726 3473 5).

517 3498 618 3572 Tota
656 3498 859 3595 antiquitas
887 3513 1041 3595 propter
1068 3499 1221 3574 humani
1249 3501 1399 3598 generis
1426 3500 1607 3598 perversi·

463 3636 581 3695 tatem
615 3619 790 3695 lamentis
817 3619 1054 3719 querelisque
1082 3639 1284 3721 personat3
1315 3638 1415 3698 recte
1446 3621 1607 3721 N'agels·

462 3743 560 3819 bach
584 3743 671 3817 dicit
694 3746 743 3841 (0.
767 3742 791 3818 l.
817 3771 853 3841 p.
882 3745 994 3841 324):
1025 3746 1149 3835 „Kurz
1164 3745 1213 3819 im
1229 3772 1374 3844 ganzen
1391 3743 1607 3820 Alterthum

466 3927 664 3938 u-n—-—--=

503 4037 528 4104 1)
546 4037 607 4088 Seu.
626 4037 658 4086 de
677 4037 726 4102 Ira,
746 4037 794 4086 111.
814 4036 863 4099 36:
889 4037 972 4102 „Cum
990 4044 1034 4087 aut
1050 4037 1170 4088 laudatus
1190 4043 1230 4088 est
1247 4037 1349 4087 animus
1368 4044 1412 4087 aut
1422 4037 1570 4087 admonitus
1581 4043 1609 4087 et

464 4125 612 4191 speculator
631 4124 670 4173 sui
689 4139 825 4189 censorque
842 4132 954 4174 secretus
971 4125 1097 4190 cognoscit
1115 4126 1144 4173 de
1161 4125 1276 4174 moribus
1293 4124 1373 4174 sais.’⁷

502 4211 530 4276 2)
549 4212 609 4262 Sen.
630 4211 663 4261 de
682 4213 746 4260 Bcn.
766 4211 787 4262 1.
809 4222 850 4260 ιο.

501 4298 530 4365 3)
550 4299 610 4349 Seu.
629 4299 680 4363 Ep.
701 4307 744 4362 5o.
763 4312 790 4360 4.

502 4385 532 4451 4)
547 4385 581 4435 cf.
597 4385 659 4435 Seu.
675 4385 726 4450 Ep.
742 4397 792 4447 41:
811 4385 900 4449 „Quid
915 4392 955 4435 est
970 4392 1065 4453 autem,
1081 4386 1153 4452 quod
1169 4388 1201 4436 ab
1217 4387 1263 4436 illo
1278 4386 1345 4436 ratio
1353 4386 1419 4436 haec
1430 4386 1526 4450 exigit?
1536 4387 1604 4436 Rem

468 4471 644 4540 „facillimam²
663 4472 805 4522 secundum
824 4479 942 4523 naturam
960 4489 1033 4524 suam
1050 4474 1147 4542 vivere,
1165 4473 1212 4525 sed
1229 4474 1298 4524 hanc
1317 4473 1448 4524 difficilem
1467 4473 1609 4523 lacitcom·

467 4559 570 4624 „munis
588 4557 716 4608 insania.”

504 4644 532 4712 5)
551 4645 606 4696 Cic.
625 4647 702 4698 Tusc.
720 4646 789 4712 disp.
809 4658 834 4710 3.
854 4659 880 4696 2.
