3576 5650
797 607 847 678 49

250 793 361 870 Decl.
474 855 482 870 .

357 817 548 977 Vidseiuant
573 902 747 994 futurum,
782 917 822 976 ut
849 902 992 999 optima
1019 902 1246 978 conscientia
1274 919 1385 981 tutor.

251 1023 361 1099 Decl.
394 1025 482 1098 Mai.
519 1045 576 1118 17.
607 1049 643 1118 4.

359 1131 474 1205 Sicuti
501 1131 626 1205 bonae
654 1131 904 1206 conscientiae
931 1129 1033 1206 lenta
1065 1157 1176 1207 mors.

250 1251 362 1330 Decl.
394 1253 484 1329 Mai.
520 1279 577 1345 19.
614 1279 644 1328 1.

360 1359 603 1460 Quapropter
629 1361 768 1435 iudices
795 1361 886 1435 satis
908 1361 1083 1436 admirari
1208 1388 1283 1437 non
1308 1388 1390 1460 pos·

359 1509 454 1576 sum,
478 1484 580 1581 quod
610 1482 752 1575 mulier,
781 1484 885 1557 cuius
914 1499 1064 1582 praeter
1090 1486 1271 1582 optimam
1300 1512 1392 1561 sane

360 1607 636 1698 conscientiam,
653 1632 763 1680 sexus
779 1631 930 1705 quoque
945 1608 1125 1682 maiorem
1139 1606 1246 1682 malis
1257 1610 1391 1683 nostris

360 1730 544 1828 pudorem
581 1745 774 1827 praestare
802 1730 979 1824 debebat,
1008 1745 1135 1806 tacere
1163 1757 1238 1807 non
1266 1747 1392 1830 potest

359 1853 544 1928 silentium
572 1879 710 1928 meum.

251 1974 362 2050 Decl.
392 1976 481 2051 Mai.
518 2000 575 2068 19.
612 2000 669 2070 14.

361 2082 397 2156 O
424 2084 550 2158 bonae
578 2082 827 2157 conscientiae
855 2081 1005 2157 incauta
1032 2081 1258 2182 simplicitas,

252 2205 344 2280 Inst.
374 2205 440 2280 Or.
474 2231 507 2280 2.
544 2231 557 2279 1
593 2264 601 2279 .

361 2313 448 2388 Non
472 2227 695 2387 enim⁵bona
717 2310 945 2387 conscientia
960 2313 1029 2386 sed
1043 2310 1198 2387 victoria
1212 2311 1390 2412 litigantis

360 2452 417 2511 est
445 2435 664 2533 praemium.

252 2560 341 2634 lnst.
372 2558 439 2634 Or.
471 2563 506 2633 6.
542 2584 572 2634 1.

359 2665 411 2740 Et
432 2666 589 2741 deorum
602 2664 806 2755 invocatio
834 2662 938 2739 velut
964 2689 1012 2738 ex
1038 2664 1140 2739 bona
1164 2665 1391 2740 conscientia

360 2789 529 2887 prolecta
555 2787 673 2863 videri
701 2785 808 2862 solet.

251 2912 343 2988 Inst.
374 2911 440 2987 Or.
498 2973 506 2987 .
540 2937 573 2988 2.

359 3019 413 3094 At
440 2938 525 3093 crim
555 3017 653 3094 male
681 3017 782 3093 dicta
809 3032 896 3092 sunt
917 3031 1070 3096 ‚tantum
1099 3032 1137 3092 et
1161 3043 1237 3092 non
1260 3015 1390 3092 intelli·

358 3169 450 3240 gere
478 3143 625 3218 interim
652 3144 777 3217 bonae
805 3139 1057 3215 conscientiae
1084 3155 1154 3214 est.

249 3264 354 3340 Tert.
384 3267 433 3341 de
460 3265 573 3340 Cultu
602 3265 689 3340 fem.
723 3290 756 3339 2.

359 3373 481 3448 Primo
519 3373 621 3472 quod
658 3397 734 3448 non
773 3370 823 3446 de
858 3369 1005 3469 integra
1033 3368 1260 3445 conscientia
1288 3367 1391 3443 venit

358 3496 520 3571 studium
549 3494 723 3594 placendi
751 3519 819 3592 per
846 3493 1034 3568 decorem.

249 3624 301 3699 de
327 3638 490 3722 spectac.
522 3647 582 3715 29.

359 3732 470 3827 Quae
479 3730 596 3804 maior
605 3725 781 3826 voluptas
789 3750 903 3823 quam
974 3781 982 3798 .
995 3722 1388 3822 conscientiaintegra.

248 3853 338 3930 adv.
370 3853 556 3950 Hermog.
592 3877 624 3927 1.

358 3960 434 4057 Qui
471 3958 695 4034 maledicere
736 3954 892 4055 singulis
933 3952 1099 4029 officium
1139 3953 1265 4030 bonae
1305 3978 1403 4028 con-1

357 4082 536 4160 scientiae
563 4081 712 4157 iudicet.

304 4235 515 4338 Diligenter
551 4217 785 4334 investigatis
818 4229 923 4323 locis,
954 4254 1050 4326 quos
1077 4226 1390 4319 enumeravimus,

247 4375 421 4461 apparet,
450 4385 597 4452 vocem,
627 4383 726 4456 quae
755 4369 812 4430 est
840 4351 1079 4440 conscientia,
1101 4351 1202 4449 apud
1217 4347 1393 4448 antiquis-

246 4486 364 4561 simos
391 4484 590 4583 scriptores
614 4507 688 4556 non
711 4477 878 4570 inveniri,
903 4475 971 4552 sed
987 4474 1167 4572 primum
1190 4471 1266 4571 legi
1290 4471 1395 4546 Cice-

245 4608 352 4686 ronis
378 4607 620 4706 temporibus.

1261 4748 1280 4800 4
