3576 5650
755 606 799 674 19

204 796 339 870 Parad.
376 797 434 869 18.

309 917 366 992 Te
388 915 636 991 conscientiae
657 914 850 990 stimulant
871 913 1139 990 maleficiorum
1166 933 1345 992 meorum'.

204 1057 253 1131 de
282 1055 343 1131 fin.
376 1079 437 1151 51.

313 1179 424 1273 Quae
472 1193 598 1252 autem
649 1191 756 1251 tanta
806 1201 853 1250 ex
903 1174 1084 1274 improbis
1139 1176 1244 1250 factis
1299 1178 1348 1251 ad

313 1299 532 1376 minuendas
559 1300 660 1374 vitae
690 1297 881 1374 molestias
909 1298 1073 1374 accessio
1101 1298 1180 1372 fieri
1209 1314 1348 1396 potest,

313 1439 453 1522 quanta
481 1425 530 1498 ad
559 1423 754 1522 augendas
787 1448 870 1496 cum
905 1423 1132 1497 conscientia
1165 1423 1348 1497 sactorum

312 1562 391 1620 tum
418 1570 544 1646 poena
572 1545 698 1644 legum
728 1544 893 1642 odioque
921 1545 1068 1619 civium.

205 1685 317 1760 Rhet.
350 1684 441 1760 Her.
476 1709 508 1758 2.
542 1707 575 1780 5.

314 1809 400 1910 Non
422 1807 648 1883 conscientia
671 1807 815 1905 peccati
840 1833 881 1882 se
903 1815 1121 1881 commotum
1139 1831 1222 1881 esse
1236 1807 1345 1902 dicet,

206 1947 288 2022 Liv.
322 1970 355 2041 3.
390 1971 423 2020 2.

323 2068 481 2166 Aequos
531 2068 756 2143 conscientia
804 2068 985 2142 contracti
1032 2066 1142 2166 culpa
1193 2067 1345 2166 periculi

325 2191 463 2265 ultimo
492 2192 630 2266 audere
656 2191 810 2290 cogebat.

206 2329 288 2404 LiV.
321 2353 354 2424 3.
387 2336 447 2422 69.
522 2391 524 2396 .

312 2451 442 2526 Tertio
470 2451 541 2542 die,
567 2476 650 2525 cum
671 2449 726 2525 ira
751 2451 957 2542 Romanos,
982 2450 1075 2544 illos,
1100 2478 1184 2526 cum
1208 2451 1346 2526 totiens

312 2572 567 2666 rebellassent,
610 2572 835 2647 conscientia
877 2571 1010 2673 culpae
1051 2600 1096 2648 ac
1132 2574 1346 2671 desperatio
1389 2615 1390 2618 ยน

311 2697 475 2771 imitaret
492 2756 499 2771 .
519 2756 525 2770 .
546 2755 579 2771 ..

205 2837 287 2910 Liv.
318 2860 353 2929 4.
391 2856 448 2930 17.

312 2957 550 3033 Conscientia
578 2958 672 3033 tanti
701 2957 859 3033 sceleris.

205 3096 287 3173 Liv.
321 3122 380 3172 21.
413 3103 473 3191 63.

313 3219 422 3294 Nunc
457 3219 683 3293 conscientia
719 3234 927 3318 spretorum
969 3233 1008 3292 et
1045 3216 1269 3316 Capitolium
1309 3234 1347 3293 et

317 3341 537 3416 sollemnem
566 3357 740 3416 votorum
769 3341 1084 3439 nuncupationem
1114 3342 1264 3440 fugisse.

206 3479 285 3556 Liv.
320 3504 379 3575 23.
415 3503 473 3575 15.

313 3602 553 3677 Conscientia
586 3617 795 3700 temptatae
827 3600 1045 3676 desectionis
1071 3661 1078 3676 .
1107 3662 1114 3676 .
1142 3662 1149 3676 .
1178 3662 1184 3675 .
1216 3602 1347 3676 stimu-

314 3725 425 3799 labat.

207 3862 287 3936 Liv.
322 3866 381 3937 28.
418 3887 475 3952 19.

313 3984 509 4080 Quasdam
545 3983 702 4058 civitatis
736 3999 890 4082 propter
918 3983 1181 4058 conscientiam
1213 3981 1346 4079 culpae

313 4123 414 4182 metu
444 4106 564 4205 magis
593 4132 707 4203 quam
736 4106 811 4180 fide
839 4107 984 4205 quietas
1012 4131 1095 4180 esse
1124 4106 1344 4202 apparebat.

206 4230 287 4305 Liv.
321 4235 381 4304 28.
418 4255 474 4323 19.

313 4352 562 4442 Conscientia,
591 4351 681 4450 quid
698 4359 751 4426 'se
778 4352 933 4426 meritos
959 4352 1105 4426 scirent.

207 4476 288 4551 Liv.
322 4479 381 4550 28.
418 4500 474 4567 19.

311 4599 370 4672 Ex
398 4596 625 4672 conscientia
653 4594 786 4694 culpae
815 4612 948 4672 metus.
