3540 5646
990 591 1039 679 84

450 801 586 895 „Certa
609 825 669 874 res
693 799 774 874 est”
800 799 918 897 inquit
947 797 1018 891 „ad
1039 796 1186 896 frugem
1201 795 1391 895 adplicare
1405 799 1584 890 animum,

448 923 713 1020 „Quamquam
741 921 789 994 ibi
818 921 942 996 animo
970 918 1077 994 labos
1104 921 1259 1018 grandis
1286 921 1441 1018 capitur.

450 1045 565 1140 „Boni
592 1045 661 1118 sibi
689 1045 783 1118 haec
811 1056 1005 1140 expetunt,
1035 1067 1126 1130 rem,
1157 1041 1282 1132 fidem,
1313 1043 1496 1117 honorem

449 1165 641 1262 „Gloriam
670 1181 708 1240 et
735 1165 918 1261 gratiam:
946 1164 1019 1237 hoc
1047 1164 1175 1262 probis
1203 1166 1412 1263 pretiumst.

449 1288 531 1384 „Eo
577 1289 664 1362 mihi
715 1288 835 1386 magis
876 1286 980 1361 lubet
1021 1313 1105 1361 cum
1146 1288 1272 1384 probis
1309 1288 1434 1384 potius
1471 1314 1587 1386 quam

448 1411 568 1506 „Cum
590 1410 770 1509 improbis
793 1409 920 1484 vivere
942 1409 1146 1484 vanidicis'’
1173 1408 1308 1506 (Plaut.
1332 1411 1434 1486 Trin.
1454 1430 1586 1506 270-

447 1536 549 1630 275).
575 1531 703 1606 Vitam
725 1557 815 1606 vere
837 1511 1018 1606 moralem
1041 1531 1152 1628 igitur
1175 1531 1336 1630 ignorat.
1354 1532 1472 1607 Recte
1487 1533 1587 1607 enim

445 1653 520 1729 iam
548 1654 693 1728 Seneca
721 1653 828 1729 dicit:

505 1774 631 1870 „Male
663 1776 754 1875 agit,
790 1775 853 1873 qui
882 1775 1068 1874 famae(
1054 1777 1141 1873 (i..e
1177 1777 1360 1876 opinioni)
1397 1803 1474 1852 non
1503 1803 1589 1852 con·

453 1899 650 1993 „scientiae
678 1914 809 1996 gratus
836 1914 904 1973 est
933 1900 1039 1995 (Ben.
1070 1907 1106 1975 6.
1136 1899 1240 1998 42).''

501 2022 601 2096 Nam
638 2022 753 2096 Stoici
789 2022 941 2114 famam,
971 2023 1262 2120 opinionemque
1289 2023 1476 2120 publicam
1503 2049 1588 2098 con-

446 2159 669 2237 temnentes,
693 2169 825 2218 veram
849 2144 1087 2220 honestatem
1108 2146 1293 2243 putabant
1307 2145 1396 2220 illud
1411 2154 1589 2252 ὁμολογου-

446 2267 552 2371 μένως
591 2280 632 2372 τῇ
670 2263 758 2371 φύσει
795 2279 866 2363 ζην.
905 2268 947 2341 Id
982 2283 1128 2343 tantum
1165 2270 1366 2344 honestum
1403 2271 1590 2367 putabant

391 2484 398 2496 ι
447 2389 550 2487 quod
586 2388 662 2464 tale
702 2389 750 2463 sit
792 2405 853 2484 „ut
888 2390 1056 2465 detracta
1085 2392 1187 2465 omni
1214 2390 1429 2466 utilitate
1400 2417 1480 2466 sme
1508 2391 1590 2466 ullis

450 2512 646 2610 „praemiis
679 2511 907 2586 fructibusve
934 2539 1002 2610 per
1035 2539 1077 2588 se
1105 2513 1227 2650 ipsum
1254 2515 1373 2610 possit
1401 2513 1585 2589 laudari?

444 2634 536 2733 (Cic.
560 2633 694 2708 defin.
723 2659 756 2708 2.
782 2635 859 2731 45).
885 2634 963 2708 Eos
987 2661 1090 2728 vero,
1115 2635 1268 2733 quinon
1285 2635 1449 2711 lacerent
1452 2638 1580 2735 ‚quod

444 2782 535 2831 vere
563 2756 762 2830 honestum
791 2773 902 2850 esset,
932 2781 1008 2831 non
1035 2757 1090 2831 sui
1114 2758 1183 2832 sed
1205 2758 1315 2833 alieni
1338 2758 1477 2832 arbitrii
1504 2785 1587 2834 esse

446 2878 724 2954 existimabant.

501 2999 594 3075 Illud
623 3001 830 3075 Ciceronis:
866 3002 981 3095 „Mea
1009 3003 1096 3077 mihi
1124 3003 1350 3078 conscientia
1378 3002 1492 3101 pluris
1521 3021 1588 3093 est,

451 3150 587 3222 „quam
625 3123 790 3198 omnium
828 3125 1018 3261 sermo¹'’)
1058 3152 1081 3199 a
1110 3125 1274 3223 Lysitele
1301 3125 1464 3200 alienum
1494 3144 1584 3202 erat.

501 3247 554 3320 Ut
594 3244 724 3344 religio
769 3247 820 3321 sic
863 3247 915 3320 vit
917 3273 940 3320 a
986 3273 1186 3345 moresque
1224 3251 1485 3323 Romanorum
1524 3276 1587 3324 an-

445 3369 644 3467 tiquorum,
669 3369 776 3443 nimis
796 3370 1022 3445 extrinsecus
1040 3369 1198 3468 religata
1213 3386 1320 3446 erant
1335 3397 1458 3471 neque
1472 3373 1588 3446 virtus

446 3517 469 3565 a
496 3515 538 3564 se
566 3490 753 3565 oriebatur
766 3491 805 3589 ).
1564 3541 1567 3547 -

500 3613 719 3688 Rectissime
762 3615 947 3689 Luthardt
987 3616 1074 3690 dicit
1116 3617 1190 3712 (die
1233 3617 1360 3690 antike
1397 3616 1514 3690 Ethik
1551 3646 1586 3716 p

452 3739 534 3835 13):
568 3737 717 3830 „Wenn
741 3736 811 3810 das
840 3735 1054 3812 Alterthum
1084 3739 1295 3836 'uberhaupt
1318 3739 1387 3812 das
1411 3739 1588 3814 Zeitalter

451 3859 538 3953 „der
561 3857 905 3934 ausschlieszlichen
933 3859 1153 3935 Herrschaft
1176 3862 1244 3936 des
1268 3862 1418 3937 Staates
1441 3889 1528 3952 war,
1545 3889 1588 3938 so

451 3980 540 4077 ,ξιΙι
568 3980 667 4054 diesz
695 4006 763 4055 vor
792 3980 917 4056 Allem
946 4009 1022 4057 von
1052 3986 1163 4059 Rom.

504 4102 622 4197 „Hier
648 4103 866 4177 beherrscht
894 4103 1005 4179 ders
1007 4106 1182 4181 taatlichc
1207 4106 1392 4181 Gedanke
1416 4105 1490 4181 alle
1515 4108 1587 4183 Ge·

451 4225 581 4319 „biete
636 4225 710 4299 Die
753 4225 928 4323 Religion
969 4255 1047 4302 war
1084 4228 1226 4304 iiberall
1262 4229 1585 4306 Staatssache...

451 4347 555 4440 „Das
597 4357 709 4445 pr‘a'tgt
745 4349 813 4423 der
849 4348 1020 4447 Religion
1058 4352 1163 4427 ihren
1202 4350 1403 4426 'auszerlich
1441 4369 1587 4452 gesetz·

483 4543 584 4610 r)Cic.
603 4545 658 4595 Att.
680 4557 720 4597 ιι.
740 4545 786 4597 28.

481 4629 510 4696 ι)
529 4629 585 4680 Cic.
603 4631 680 4681 Tusc.
700 4631 768 4698 disp.
789 4643 815 4697 3.
835 4645 880 4698 37.
