3528 5644
722 589 771 678 63

169 795 364 870 Romanos
391 797 534 871 monuit
562 797 610 894 (ξ.
642 796 728 892 67):
763 793 911 889 „Nolite
940 796 1039 870 enim
1067 796 1312 894 putare,’'in-

168 917 245 1015 quit
287 944 387 1010 „e0s‚
417 918 481 1016 qui
508 916 648 1016 aliquid
676 917 788 1014 impie
816 920 1081 1011 commiserint,
1110 921 1245 1018 agitari
1274 925 1346 994 et'

173 1041 390 1137 „perterreri
422 1041 543 1114 taedis
572 1040 788 1114 ardentibus
817 1041 1035 1134 Furiarum3
1064 1067 1156 1116 suae
1185 1068 1313 1140 quem·

173 1188 268 1260 „que
302 1161 426 1237 malae
461 1163 711 1260 cogitationes
747 1163 1073 1262 conscientiaeque
1101 1165 1214 1239 animi
1242 1179 1311 1239 ter·

173 1301 287 1377 „rent,
316 1285 389 1360 hae
415 1301 502 1360 sunt
529 1285 760 1361 domesticae
791 1285 820 1358 F
823 1285 949 1361 uriae''
968 1287 1005 1384 1).

220 1407 437 1506 Antiquitas
486 1425 564 1482 tam
614 1409 782 1506 Erinyas,
832 1433 932 1508 quae
982 1408 1107 1484 multis
1149 1411 1312 1486 numeris

170 1529 301 1604 Furias
355 1547 531 1629 aequant,
579 1556 692 1630 quam
744 1531 887 1623 Furias,
940 1533 1169 1629 cogitatione
1223 1534 1312 1608 ima·

168 1653 274 1750 gines
302 1655 550 1729 conscientiae
578 1655 768 1728 actionum
788 1654 958 1730 finxerat.
985 1655 1029 1730 cf.
1055 1654 1310 1755 Nagelsbach,

169 1776 240 1850 Die
301 1777 644 1852 Nachhomerische
696 1777 919 1876 Theologie,
969 1805 1005 1875 p.
1056 1803 1152 1873 339:
1206 1779 1311 1868 „Das

173 1898 287 1988 „bose
320 1898 512 1974 Gewissen
540 1898 633 1972 aber
660 1899 939 1998 verobjectivirt
967 1900 1057 1992 sich,
1086 1926 1194 1975 wenn
1223 1925 1311 1975 man

173 2023 321 2110 „diesen
350 2029 455 2096 sonst
482 2022 537 2096 oft
564 2021 751 2117 gehbrten
780 2021 981 2096 Ausdruck
1009 2023 1088 2097 hier
1115 2038 1309 2121 gestattet,

172 2145 242 2231 „im
272 2144 522 2241 Rachegeist3
553 2143 613 2218 die
640 2142 842 2219 innerliche
871 2143 1198 2244 Gewissensangst
1220 2146 1311 2220 wird

173 2266 426 2364 „angeschaut
453 2267 514 2340 als
535 2266 616 2340 eine
636 2267 773 2341 Mocht
790 2267 1013 2342 ausserhalb
1033 2269 1095 2341 des
1118 2269 1309 2361 Frevlers,

173 2387 335 2478 „welche
371 2389 499 2462 diesen
536 2388 748 2489 vervolgt.'’
788 2390 947 2488 Saepius
975 2415 1068 2464 vero
1096 2390 1232 2466 Furiae
1260 2392 1311 2465 sic

167 2512 479 2611 depingebantur,
505 2528 545 2587 ut
568 2539 591 2587 a
614 2539 706 2587 vera
726 2514 872 2587 ratione
895 2513 1144 2588 conscientiae
1160 2539 1311 2612 prorsus

166 2634 431 2732 discreparent.
458 2634 605 2709 Eodem
628 2636 743 2710 modo
766 2633 856 2709 illud
880 2636 1044 2710 Socratis
1077 2635 1310 2742 ,,δαιμένιον”,

167 2758 340 2855 quamvis
354 2755 519 2854 pluribus
536 2759 657 2831 modis
671 2759 920 2833 conscientiae
934 2760 1103 2856 partibus
1117 2759 1308 2859 fungatur,

167 2905 450 2976 nonnumquam
480 2881 529 2953 ab
558 2905 604 2954 ea
631 2881 779 2955 videtur
807 2879 1005 2956 declinare.

218 3003 470 3100 Temporibus
505 3003 706 3096 Ciceronis,
753 3031 838 3078 cum
875 3005 1031 3080 deorum
1069 3004 1310 3105 neglegentia

165 3127 201 3200 in
230 3126 308 3200 dies
337 3143 531 3218 cresceret,
562 3153 676 3224 quam
705 3128 867 3203 maxime
895 3145 1189 3202 consentaneum
1213 3144 1306 3221 erat,

166 3249 362 3323 Furiarum
396 3275 547 3346 quoque
580 3249 693 3324 fidem
726 3251 831 3324 abire
860 3276 1003 3349 easque
1030 3251 1066 3323 in
1098 3249 1309 3324 fabularum

166 3396 322 3445 numero
351 3371 491 3445 haberi.

219 3495 335 3589 Quod
359 3509 397 3567 et
413 3494 605 3568 Lucretius
619 3494 691 3569 hoc
707 3495 821 3569 modo
836 3494 923 3569 dicit
938 3496 990 3592 (3,
1012 3519 1078 3570 101
1093 3496 1286 3592 1—1017)
1301 3526 1307 3570 :

98 3659 103 3668 ·
196 3632 294 3727 „Qui
310 3658 434 3728 neque
449 3648 534 3706 sunt
549 3658 708 3731 usquam
724 3659 793 3707 nec
808 3649 965 3731 possunt
979 3660 1062 3708 esse
1078 3634 1247 3732 profecto

196 3753 294 3843 „Sed
323 3771 445 3829 metus
473 3755 508 3828 in
538 3757 617 3830 vita
645 3782 853 3853 poenarum
881 3783 950 3854 pro
976 3756 1202 3832 malefactis

195 3877 286 3967 „Est
313 3877 518 3975 insignibus
547 3878 712 3976 insignis,
744 3877 968 3977 scelerisque
995 3877 1120 3968 luella,

195 4000 357 4090 „Carcer
383 4017 422 4074 et
449 3999 632 4076 horribilis
661 4002 709 4076 de
738 4027 831 4077 saxo
860 4001 970 4076 iactu'
999 4004 1175 4077 deorsum

194 4123 397 4215 „Verbera,
437 4123 640 4215 carnifices,
670 4124 795 4217 robur,
826 4125 899 4221 pix,
929 4123 1121 4217 lammina,
1150 4125 1307 4220 taedae3

194 4245 327 4339 „Quae
350 4261 477 4321 tamen
499 4245 568 4321 etsi
584 4247 731 4337 absunt,
751 4263 790 4320 at
806 4273 911 4321 mens
926 4247 1005 4339 sibi,
1023 4248 1171 4322 conscia
1187 4247 1304 4338 sactis,

195 4369 483 4457 „Praemetuens
511 4368 665 4443 adhibet
693 4369 862 4443 stimulos
889 4383 1080 4468 terretque
1108 4366 1305 4468 flagellis.''

201 4553 228 4620 1)
260 4553 294 4602 cf.
318 4552 414 4602 Aesch.
438 4551 466 4600 in
492 4550 560 4600 Tim.
589 4549 648 4617 180,
673 4549 775 4619 Schol.;
800 4550 903 4600 Ennius
928 4550 1016 4616 Frgm.
1042 4549 1092 4616 111,
1117 4565 1143 4615 p.
1177 4559 1225 4613 113
1255 4546 1311 4616 (ed.

162 4639 267 4707 Mtiller,
285 4639 440 4704 Petersburg
462 4636 555 4706 1884).
