3528 5644
973 615 1023 692 74

437 813 537 908 „r’o'rr)
564 821 667 915 τηρεῖν
694 812 748 890 τὸν
779 812 871 889 ἐνδόν
899 814 1047 915 δαίμονα
1075 806 1267 916 ἀνύβριστον
1297 813 1354 888 καὶ
1382 809 1517 896 οἷάινῆ.”

484 935 569 1008 Non
598 933 720 1008 solum
748 935 859 1032 igitur
885 938 1014 1037 δαίμων
1043 949 1101 1008 est
1123 935 1251 1031 imago
1275 933 1465 1030 perfectae
1488 933 1572 1006 rati·

431 1057 523 1148 onis,
548 1056 616 1130 sed
639 1057 753 1130 etiam
777 1057 876 1130 idem
901 1056 1110 1152 significare
1132 1057 1279 1130 videtur
1299 1071 1414 1153 atque
1428 1055 1572 1129 semina

430 1177 491 1251 illa
512 1179 547 1251 in
572 1180 790 1276 corporibus
813 1180 986 1253 humanis
1009 1179 1188 1277 dispersa,
1215 1178 1262 1252 de
1277 1178 1411 1275 quibus
1426 1177 1572 1251 Seneca

429 1302 481 1375 sic
511 1302 591 1399 agit
619 1303 703 1400 (Ep.
736 1304 821 1400 73):
856 1301 990 1396 „Nulla
1017 1302 1096 1376 sine
1125 1303 1210 1374 Deo
1240 1327 1345 1374 mens
1373 1301 1474 1374 bona
1502 1315 1570 1375 est.

434 1422 608 1518 „Semina
637 1425 672 1497 in
701 1425 918 1522 corporibus
941 1425 1112 1498 humanis
1135 1424 1261 1497 divina
1282 1424 1450 1520 dispersa
1473 1438 1569 1497 sunt.

435 1546 567 1640 „Quae
590 1548 619 1621 si
644 1549 765 1620 bonus
789 1546 908 1621 cultor
925 1546 1073 1644 excipit,
1090 1545 1222 1620 similia
1237 1546 1370 1641 origini
1385 1545 1572 1643 prodeunt
1603 1590 1608 1600 ·

434 1685 496 1762 „et
518 1671 622 1766 paria
647 1669 715 1761 his,
740 1695 787 1742 ex
813 1670 947 1767 quibus
971 1685 1054 1743 orta
1077 1684 1174 1760 sunt,
1200 1684 1377 1766 surgunt:
1393 1669 1423 1741 si
1438 1667 1571 1754 malus,

436 1797 531 1885 ‚',non
559 1792 666 1866 aliter
695 1818 808 1891 quam
837 1792 980 1882 humus·
999 1790 1131 1866 sterilis
1159 1818 1204 1886 ac
1232 1790 1417 1888 palustris,
1447 1805 1570 1883 necat,

435 1939 500 2007 „ac
529 1914 667 1988 deinde
695 1930 798 1988 creat
827 1930 1078 2013 purgamenta
1106 1940 1175 2012 pro
1203 1912 1409 2011 frugibus.”

484 2036 570 2110 Hac
612 2038 660 2111 de
696 2063 736 2110 re
776 2037 980 2110 Bonhoffer
1018 2039 1066 2134 (o.
1092 2036 1114 2129 l.
1154 2063 1189 2134 p.
1231 2037 1315 2132 83):
1360 2033 1573 2128 „Vielmehr

435 2159 717 2256 „representiert
754 2161 821 2234 der
859 2161 1010 2233 Damon
1046 2160 1371 2258 gewissermassen
1402 2158 1460 2230 die
1489 2158 1573 2232 eine

435 2281 559 2373 „Seite
587 2307 655 2354 nur
685 2282 751 2356 der
780 2281 1056 2356 menschlichen
1085 2281 1272 2356 Vernunft
1300 2280 1335 2352 d.
1352 2281 1388 2353 h.
1418 2278 1478 2351 die
1507 2280 1574 2354 mit

435 2403 551 2497 „Gott
580 2404 655 2477 und
677 2407 763 2479 dem
788 2404 995 2503 gottlichen
1021 2405 1159 2478 Gesetr
1180 2403 1570 2494 iibereinstimmende,

436 2524 737 2619 „vollkommene
767 2528 953 2601 Vernunft
977 2528 1197 2625 gegeniiber
1221 2527 1288 2601 der
1312 2525 1571 2624 empirischen‚

436 2647 832 2742 „unvollkommenen:
871 2651 938 2723 der
976 2651 1127 2724 D'amon
1163 2651 1209 2723 ist
1246 2650 1306 2722 die
1342 2647 1571 2740 urbildliche,

435 2770 577 2865 „ideale
619 2772 913 2847 Personlichkeit
955 2774 1175 2871 gegeniiber
1217 2773 1283 2845 der
1325 2771 1572 2868 empirischen

435 2893 750 2986 „Personliehkeit
786 2895 862 2968 und
898 2895 965 2969 der
1003 2895 1161 2968 Mensch
1196 2896 1262 2968 hat
1290 2895 1350 2967 die
1379 2893 1570 2990 Aufgabe,

435 3015 516 3109 „die
553 3015 706 3092 letztere
742 3018 809 3092 der
838 3033 1002 3092 ersteren
1032 3018 1163 3091 immer
1191 3018 1296 3091 mehr
1324 3017 1499 3090 konform
1526 3041 1572 3088 zu

235 3158 239 3163 ·
329 3208 330 3212 ,
436 3139 656 3232 „machon”

481 3260 597 3335 Stoici
633 3279 831 3361 peccatum
868 3289 1009 3361 negare
1048 3289 1123 3336 non
1159 3278 1346 3360 poterant,
1376 3289 1491 3359 quam
1519 3265 1571 3337 ob

429 3409 520 3476 rem,
564 3367 604 3458 nt
645 3402 842 3483 peccatum
884 3385 1124 3484 explicarent,
1168 3387 1393 3460 daemonem
1438 3386 1572 3459 mutari

428 3514 541 3604 p0sse
576 3509 819 3606 peioremque
854 3508 932 3582 fieri
967 3508 1154 3582 docebant
1169 3510 1206 3606 1).
1243 3509 1364 3583 Varro
1394 3510 1442 3583 de
1470 3506 1571 3582 malo

428 3621 616 3704 daemone
644 3631 751 3706 dicit:
1034 3719 1036 3727 .
1344 3622 1347 3628 ⁵

488 3750 651 3846 „Saltem
694 3752 858 3827 infernus
899 3753 1069 3828 tenebrio
1106 3761 1124 3830 ὁ
1160 3753 1264 3845 κακὸς
1301 3757 1431 3857 δαίμων
1466 3756 1572 3853 atqui

434 3875 571 3969 „habet
598 3875 769 3950 homines
789 3875 977 3966 sollicitos,
1005 3875 1217 3972 quodcum
1242 3876 1347 3973 peius
1370 3876 1573 3953 formidant

434 4024 569 4095 „quam
605 3996 695 4072 fullo
733 3997 896 4073 ululam’'
938 3999 1059 4097 (Varr.
1099 3997 1178 4072 Sat.
1210 3998 1313 4072 Men.
1345 3999 1479 4095 fragm.
1509 4001 1569 4076 ed.

428 4121 541 4194 Riese
569 4149 604 4219 p.
640 4123 741 4220 222).

481 4242 621 4334 Verba,
647 4270 745 4341 quae
769 4259 855 4318 sunt
875 4251 894 4321 ὁ
915 4245 1019 4336 κακὸς
1044 4247 1174 4346 δαίμων
1200 4242 1332 4317 Furias
1353 4244 1389 4316 in
1406 4260 1572 4320 mentem

427 4394 574 4405 —-.

466 4455 491 4521 1)
517 4456 550 4506 cf.
577 4457 726 4524 Bonhoffen
754 4475 777 4508 o.
794 4459 813 4508 l.
839 4475 866 4524 p.
892 4459 941 4524 85:
969 4459 1045 4523 „Wie
1071 4456 1114 4506 die
1139 4454 1368 4520 προαίρεσις,
1395 4459 1491 4508 welche
1516 4477 1570 4510 von

429 4543 529 4608 „Natur
552 4543 598 4592 das
625 4543 758 4593 Gottliche
784 4545 820 4594 im
843 4545 987 4594 Menschen
1005 4545 1048 4611 ist,
1067 4547 1136 4596 doch
1155 4547 1211 4595 sich
1231 4546 1312 4595 selbst
1331 4546 1497 4595 umwandeln
1515 4547 1572 4597 und

430 4628 656 4694 „verschlechrern
679 4630 760 4698 kann,
784 4631 833 4681 wie
859 4631 905 4682 das
930 4627 1086 4700 ἡγεμονικόν,
1110 4633 1157 4685 das
1176 4632 1305 4684 ebensalls
1324 4631 1454 4684 identisch
1473 4633 1506 4684 ist
1523 4635 1572 4686 mit
