3528 5644
711 573 759 646 79

161 788 230 858 pro
269 765 438 838 obnoxio
479 763 611 862 legum*
648 791 694 839 ac
729 791 936 864 poenarum
974 783 1077 841 metu
1115 767 1307 843 civitatem

161 886 356 983 regebant.
404 886 469 960 Ad
509 886 611 962 illam
654 889 848 986 antiquam
891 888 1004 963 fidem
1046 890 1304 988 pietatemque

160 1008 393 1106 degenerata
430 1012 631 1106 posteritas
669 1011 819 1108 saepius
856 1025 1002 1085 maesto
1037 1012 1164 1087 animo
1192 1012 1305 1110 respi-

159 1130 293 1205 ciebat.
330 1131 470 1229 „Apud
495 1133 681 1208 maiores”
705 1133 825 1231 inquit
845 1133 997 1207 Servius
1027 1159 1189 1231 „magna
1214 1158 1303 1208 cura

166 1267 268 1345 „erat
309 1253 429 1328 fides''
471 1256 522 1351 (in
561 1256 660 1330 Aen.
701 1280 736 1347 9.
774 1257 874 1351 143.)
905 1255 1128 1330 Praesertim
1164 1271 1304 1353 poetae

166 1375 460 1466 ‚vetustissimos
486 1375 723 1450 mortalium'’
748 1403 897 1450 summa
912 1401 1058 1450 morum
1073 1378 1305 1475 praestantia

160 1494 324 1591 insignes
366 1497 479 1572 fuisse
519 1498 677 1597 tingunt.
722 1499 869 1573 Audias
911 1499 985 1574 Ov.
1026 1499 1120 1574 Met.
1165 1524 1194 1576 1.
1233 1504 1303 1592 89:

165 1618 316 1711 „Aurea
355 1621 474 1719 prima
518 1636 601 1695 sata
634 1637 692 1697 est
726 1637 843 1714 aetas,
883 1646 982 1720 quae
1015 1622 1161 1696 vindice
1200 1620 1301 1698 nullo
1348 1605 1355 1614 ’

164 1739 332 1838 ‚Sponte
373 1768 442 1816 sua
478 1744 557 1818 sine
597 1742 684 1842 lege
726 1744 840 1819 fidem
881 1762 1100 1844 rectumque
1141 1743 1302 1822 colebat.

165 1864 314 1957 „Poena
345 1881 542 1964 metusque
571 1867 767 1941 aberant.’'

211 1986 338 2086 Saepe
369 2003 410 2063 et
437 1988 589 2063 Tacitus
617 1990 666 2063 ad
694 2015 740 2065 ea
762 2004 934 2087 tempora
962 1990 1131 2088 respicit:
1168 1991 1303 2084 „Vetu-

163 2110 332 2202 „stissimi
370 2111 582 2186 mortalium
620 2111 720 2186 nulla
758 2112 881 2186 adhuc
918 2110 1019 2187 mala
1045 2111 1196 2188 libidine
1223 2114 1303 2188 sine

166 2234 339 2330 „probro
370 2232 510 2309 scelere
537 2260 661 2333 eoque
684 2235 763 2310 sine
786 2261 912 2332 poena
935 2250 1001 2310 aut
1021 2237 1304 2310 coercitionibus

161 2355 377 2456 „agebant”
414 2357 530 2453 (Ann.
573 2382 606 2452 3.
643 2360 718 2455 26).
750 2356 824 2431 Alii
851 2384 956 2449 vero,
985 2357 1162 2432 historiae
1190 2360 1303 2456 potis-

156 2479 290 2553 simum
333 2478 544 2577 scriptores,
583 2479 753 2555 homines
790 2505 836 2554 ex
869 2479 949 2553 rudi
986 2494 1086 2554 statu
1120 2479 1302 2578 paulatim

156 2603 205 2676 ad
243 2600 398 2675 meliora
434 2626 658 2700 progressos
686 2627 771 2677 esse
798 2603 984 2700 putabant
998 2603 1037 2699 1).
1069 2601 1134 2676 Ad
1163 2618 1302 2678 statum

154 2722 389 2822 originalem,
428 2740 469 2797 ut
503 2724 555 2798 ita
591 2725 724 2816 dicam,
763 2740 869 2798 aetas
896 2721 958 2798 illa
986 2735 1101 2798 aurea
1129 2741 1301 2823 spectare

154 2847 314 2938 videtur,
343 2847 446 2920 cuius
474 2847 646 2921 notiones
674 2846 862 2944 quaedam
892 2846 1082 2921 inanimis
1106 2848 1300 2922 hominum

154 2968 305 3044 relictae
329 2983 447 3044 erant.
469 2969 546 3043 Sed
571 2968 702 3043 melius
726 2995 841 3067 quam
865 2967 926 3060 illi,
951 2969 1014 3066 qui
1036 2969 1300 3067 antiquitatem

153 3107 290 3189 sponte
328 3117 397 3165 sua
433 3107 534 3166 recte
571 3092 741 3190 iusteque
768 3091 897 3166 vivere
924 3092 1132 3190 fingebant,
1163 3092 1295 3167 Cicero

154 3215 316 3304 dicebat,
359 3214 531 3288 homines
571 3214 650 3288 veri
692 3214 778 3308 iuris
818 3239 1102 3312 germanaeque
1139 3214 1300 3288 iustitiae

152 3337 312 3412 solidam
338 3353 376 3412 et
399 3363 616 3436 expressam
639 3336 805 3436 effigiem
830 3336 969 3412 nullam
992 3339 1146 3413 habere.
1187 3337 1301 3432 „Um-

159 3461 249 3554 „bra
277 3475 317 3535 et
344 3460 569 3557 imaginibus
598 3459 754 3535 utimur:
785 3486 851 3535 eas
878 3461 979 3558 ipsas
1000 3461 1142 3535 utinam
1167 3486 1299 3561 seque·

158 3581 349 3676 „remurl”
380 3581 471 3679 (Cic.
501 3582 549 3656 de
578 3582 640 3655 off.
674 3607 707 3676 3.
739 3585 816 3681 69).

190 3906 218 3975 1)
236 3906 269 3958 cs.
289 3905 393 3956 Rudoll
407 3906 801 3973 Ηίηε1,ΑΤΡΔΦΟΣΝοΜΟΣ
821 3921 847 3971 p.
863 3883 915 3969 ⁸79:
1016 3889 1019 3895 ⁴

189 3996 258 4060 „Am
284 3993 391 4058 Antang
415 3994 480 4044 aller
506 3993 664 4045 Geschichte
689 3993 753 4043 oder
784 3992 912 4042 vielmebr
931 3991 1000 4042 noch
1018 4008 1064 4043 vor
1083 3991 1235 4043 demselben
1254 3989 1298 4058 lag

153 4082 238 4147 „nach
265 4082 312 4131 der
339 4081 451 4131 Ausicht
479 4081 524 4132 des
552 4081 630 4131 einen
659 4080 702 4130 die
730 4079 796 4145 Zeit,
821 4081 850 4129 in
870 4079 916 4129 der
934 4079 978 4128 die
997 4080 1140 4130 Mensehen
1159 4086 1234 4130 unter
1252 4080 1299 4130 der

153 4167 324 4234 „Henschalt
353 4168 398 4219 des
416 4169 660 4233 ungeschriebeneu
680 4167 803 4216 Gesetzes
822 4167 865 4215 ein
884 4165 995 4232 seeliges
1014 4166 1114 4216 Dasein
1132 4166 1222 4217 lebten
1242 4165 1298 4215 und

153 4255 236 4321 „aller
263 4256 367 4305 weltere
395 4255 507 4305 Verlauf
530 4256 577 4306 cler
604 4253 826 4319 geschichtlichen
854 4252 1059 4317 Entwickelung
1079 4269 1130 4302 war
1152 4253 1239 4303 nichts
1258 4252 1298 4302 als

153 4344 214 4409 „ein
242 4341 427 4392 Herabsinken
455 4358 509 4391 von
537 4342 622 4392 dieser
649 4339 868 4406 ursprtinglichen
896 4339 988 4405 the3
1007 4339 1162 4404 umgekehrt
1180 4339 1296 4391 meinten

152 4431 213 4495 „die
241 4429 358 4495 Andem,
386 4429 446 4479 dasz
473 4429 516 4479 die
542 4427 688 4478 Menschen
707 4427 763 4478 sich
783 4433 835 4476 erst
854 4425 1005 4477 allmahlich
1024 4443 1069 4476 aus
1089 4426 1175 4477 einem
1194 4431 1294 4477 wtlsten

152 4516 340 4582 „thierartigen
368 4517 485 4567 Zustand
511 4516 628 4567 erboben
655 4515 745 4564 hatten
774 4514 830 4564 und
848 4513 909 4564 dasz
927 4513 974 4564 der
992 4513 1101 4578 Briuger
1120 4513 1185 4564 aller
1204 4513 1296 4564 Cultur

151 4603 215 4670 „das
234 4603 329 4653 Gesetz
348 4602 402 4654 und
420 4619 487 4654 zuar
504 4602 551 4653 das
569 4601 755 4668 geschrlebeue
772 4616 893 4666 geweseu
911 4598 976 4652 sei.”
