3576 5650
202 789 309 864 Decl.
342 815 427 886 314.

310 914 582 990 Conscientiam
607 940 689 989 esse
713 941 811 1012 quae
834 930 1027 1012 torqueat3
1052 913 1217 987 animum
1241 939 1338 1006 esse,

310 1038 371 1134 qui
399 1052 492 1112 urat.

203 1171 309 1248 Decl.
342 1200 386 1269 3²
394 1198 427 1270 5.

310 1299 432 1372 Potuit
456 1298 551 1372 hanc
576 1324 724 1373 amasse
745 1299 922 1373 feminam
951 1298 1068 1386 dives,
1098 1297 1204 1372 salva
1232 1297 1340 1370 huius

310 1422 545 1497 conscientia.
800 1411 803 1416 ¹

202 1542 308 1618 Decl.
340 1544 428 1619 Mai.
464 1570 494 1619 1.
530 1570 559 1619 1.
1310 1617 1314 1624 .

309 1667 443 1764 Neque
479 1668 727 1742 conscientiae
763 1692 921 1767 gravem
948 1666 1044 1742 ferre
1073 1665 1338 1742 contumeliam

307 1805 440 1886 potest.

201 1910 310 1984 Decl.
341 1911 431 1985 Mai.
467 1937 497 1986 1.
530 1916 564 1986 8.

309 2035 462 2108 Ferrum
498 2035 677 2133 pependit
705 2036 742 2108 in
778 2035 961 2123 cubiculo,
1000 2052 1195 2132 tamquam
1234 2035 1338 2108 testis

306 2158 555 2232 conscientiae
582 2183 702 2234 meae.

199 2276 308 2352 Decl.
339 2280 428 2354 Mai.
464 2305 493 2356 1.
525 2307 559 2372 9.

306 2402 431 2496 Quam
473 2406 673 2479 manifesta
713 2421 770 2480 est
811 2404 1052 2496 conscientia,
1081 2429 1180 2502 quae
1217 2418 1254 2477 te
1290 2403 1338 2475 ad

306 2525 402 2600 hanc
430 2526 619 2625 compellit
648 2527 921 2602 necessitatem.

199 2645 309 2722 Decl.
341 2650 430 2724 Mai.
467 2675 497 2724 1.
534 2675 590 2724 12.

309 2771 395 2846 Non
419 2788 546 2847 tamen
568 2788 646 2847 tam
676 2770 828 2846 feliciter
856 2771 1028 2845 librasset
1056 2772 1181 2861 ictum,
1212 2795 1337 2867 quem,

305 2894 448 2968 etiamsi
474 2894 597 2969 nullae
620 2894 792 2969 fallerent
815 2896 1005 2985 tenebrae,
1037 2909 1158 2966 metus
1187 2909 1225 2966 et
1253 2917 1337 2964 con·

305 3017 458 3092 scientia
493 3019 674 3093 incertum
705 3019 832 3116 magni
860 3017 1010 3092 sceleris
1038 3017 1180 3091 tristem
1211 3041 1339 3088 morae

305 3138 487 3214 iecissent.
830 3156 853 3186 '¹

197 3258 305 3335 Decl.
337 3261 426 3336 Mai.
462 3287 494 3336 2.
532 3288 589 3356 19.

297 3384 403 3457 'Inter
440 3385 703 3474 dormientem,
725 3384 1038 3482 simulantemque
1068 3408 1142 3456 non
1172 3397 1240 3474 est,
1271 3381 1338 3454 nisi

304 3507 541 3581 conscientia.

197 3626 306 3701 Decl.
338 3629 427 3704 Mai.
460 3651 494 3724 5.
527 3656 563 3722 4.

304 3751 354 3823 Et
375 3753 477 3848 quod
501 3777 707 3849 numquam
732 3753 822 3828 satis
846 3752 1018 3826 manibus
1042 3749 1103 3823 filii
1133 3775 1337 3847 numquam

305 3873 394 3953 satis
423 3875 612 3949 excusabo
641 3875 891 3949 conscientiae
921 3899 1041 3948 meae.

196 3991 304 4066 Decl.
335 3994 425 4069 Mai.
458 4018 492 4090 7.
528 4021 558 4070 1.
626 4013 629 4022 ’

305 4116 407 4210 Quid
458 4118 604 4210 faciam,
647 4119 678 4192 si
724 4119 953 4193 temeritates
996 4144 1149 4217 quoque
1191 4134 1338 4192 nostras

304 4241 531 4316 conscientia
568 4267 716 4315 reorum
745 4268 819 4315 non
849 4256 975 4339 potest
1002 4243 1130 4338 pati..
1151 4301 1183 4316 ..
1215 4267 1338 4338 neque

304 4389 391 4461 eg0,
413 4364 564 4456 iudices,
590 4389 818 4462 quemquam
843 4380 1008 4438 vestrum
1031 4365 1201 4438 dubitare
1225 4364 1338 4436 credi-

305 4486 434 4574 derim,
485 4513 531 4560 ex
573 4513 647 4584 qua
690 4469 928 4577 conscientia,
971 4511 1047 4584 qua
1090 4487 1339 4583 trepidatione

304 4609 520 4702 descendat,
551 4626 591 4682 ut
619 4611 701 4710 quis
729 4611 894 4710 torqueri
923 4607 1014 4686 nolit
1043 4609 1241 4684 inimicum.
