3576 5650
708 537 791 677 ,41

266 861 269 868 ,
303 798 358 870 his
392 815 693 896 praenupserunt
720 815 758 873 et
786 817 893 874 aetas
922 826 989 898 per
1017 801 1271 876 maturitatem
1298 815 1337 874 et

303 945 389 994 caro
410 946 477 1018 per
500 936 665 996 aetatem
683 938 721 996 et
735 922 885 1020 spiritus
900 949 967 1020 per
981 924 1246 999 conscientiam
1260 984 1267 1000 .
1282 984 1289 998 .
1304 983 1334 999 ..

193 1042 244 1116 de
276 1041 367 1117 Idol.
404 1069 460 1116 11.

304 1181 401 1254 Nam
427 1182 529 1279 quod
554 1182 642 1254 mihi
657 1181 705 1255 de
721 1181 850 1280 stupro
866 1183 1101 1256 interdictum
1117 1183 1174 1273 sit,
1191 1183 1271 1257 aliis
1286 1185 1335 1259 ad

302 1329 386 1376 eam
402 1329 480 1377 rem
496 1303 584 1377 nihil
598 1320 663 1378 aut
679 1331 819 1403 operae
834 1320 898 1378 aut
914 1306 1161 1380 conscientiae
1172 1307 1335 1382 adhibeo

422 1428 540 1524 Ipsius
569 1427 654 1502 fidei
683 1428 948 1501 conscientiam
977 1454 1236 1528 perrogemus.

189 1549 241 1622 de
272 1547 364 1624 ldol.
400 1574 457 1643 13.

302 1688 365 1761 Da
388 1687 560 1778 sormam,
590 1687 626 1759 in
656 1714 730 1785 qua
761 1686 852 1761 velis
880 1689 943 1787 agi
971 1704 1108 1764 tecum.
1135 1690 1212 1765 Cur
1236 1690 1335 1763 enim

300 1827 338 1884 et
358 1808 490 1898 lateaS,
516 1837 600 1883 cum
624 1810 836 1908 ignorantia
860 1808 1012 1885 alterius
1030 1827 1134 1886 tuam
1149 1813 1335 1888 conscien-

298 1932 388 2007 tiam
430 1932 683 2006 contamines?
720 1933 759 2006 Si
796 1958 871 2007 non
908 1935 1102 2032 ignoraris
1142 1936 1244 2033 quod
1283 1935 1333 2007 sis

301 2055 542 2146 Christianus,
584 2055 778 2150 temptaris
821 2072 859 2129 et
896 2073 1026 2130 contra
1068 2057 1333 2131 conscientiam

300 2175 451 2251 alterius
478 2177 561 2272 agis
588 2192 783 2274 tamquam
814 2173 889 2251 non
919 2177 1163 2253 Christianus

187 2314 242 2388 de
271 2313 363 2390 Idol.
397 2339 457 2410 23.

302 2437 373 2510 Hic
409 2463 483 2536 ego
514 2454 685 2512 naturam
714 2453 752 2512 et
780 2437 1046 2512 conscientiam
1076 2438 1222 2512 advoco
1236 2497 1243 2512 .
1258 2497 1265 2512 .
1280 2498 1288 2512 .
1303 2475 1333 2531 ,ς

299 2560 357 2633 hic
398 2561 662 2636 conscientiam
701 2559 956 2658 appello...
996 2561 1046 2634 Et
1083 2561 1193 2651 bene,
1231 2560 1334 2657 quod

299 2683 334 2754 in
359 2682 484 2756 animo
510 2700 548 2758 et
570 2684 607 2756 in
623 2683 850 2757 conscientia
864 2681 1028 2780 delinqui
1043 2682 1215 2756 dominus
1230 2682 1332 2758 dixit.

189 2820 243 2893 de
271 2820 412 2893 Poenit.
446 2846 478 2914 3.

298 2941 374 3015 Sed
390 2943 468 3040 ipse
484 2943 735 3017 conscientiae
749 2959 837 3017 tuae
852 2944 1087 3018 consessione
1101 2943 1333 3041 pronuntias.

188 3081 241 3154 de
270 3081 411 3155 Poenit.
445 3088 479 3157 6.

301 3204 548 3291 Conscientia,
579 3201 696 3279 semel
725 3203 996 3301 poenitentiam
1026 3202 1251 3303 amplexata.

188 3343 242 3416 de
268 3343 410 3416 Poenit.
447 3368 503 3416 11.

299 3463 380 3538 Stili
416 3465 540 3562 potius
577 3455 771 3560 negotium
807 3491 921 3562 quam
956 3465 1118 3538 officium
1148 3463 1334 3538 conscien-

299 3587 374 3661 tiae
403 3613 512 3661 meae
540 3611 684 3681 curans.

187 3726 241 3799 de
271 3723 382 3800 Cultu
410 3726 497 3800 sem.
532 3750 564 3800 2.
1365 3823 1366 3826 Ἴ

300 3847 493 3921 Debemus
532 3847 683 3945 quidem
721 3849 771 3921 ita
805 3863 933 3920 sancte
961 3862 1000 3921 et
1028 3862 1109 3920 tota
1139 3845 1225 3919 fidei
1253 3846 1334 3919 sub-

299 3970 435 4044 stantia
465 3971 650 4063 incedere,
684 3986 724 4044 ut
759 3969 924 4044 confisae
962 3986 999 4044 et
1036 3994 1190 4043 securae
1221 3969 1335 4043 simus

300 4093 347 4166 de
384 4093 608 4166 conscientia
647 4107 784 4180 nostra,
823 4107 999 4189 optantes
1029 4117 1269 4188 perseverare
1297 4091 1335 4164 id

299 4214 334 4286 in
363 4215 471 4288 nobis
500 4240 574 4289 non
603 4231 730 4289 tamen
759 4229 1052 4313 praesumentes

187 4354 240 4426 de
269 4351 380 4426 Cultu
408 4352 496 4426 fem.
533 4377 589 4445 13.

299 4460 500 4548 Pudicitiae
525 4473 760 4548 Christianae
788 4475 880 4548 satis
908 4489 1065 4547 nonest
1093 4498 1176 4547 esse
1203 4499 1336 4546 verum

297 4612 334 4670 et
376 4597 504 4670 videri.
549 4599 675 4672 Tanta
717 4599 815 4671 enim
859 4597 972 4671 debet
1014 4622 1097 4669 esse
1139 4593 1334 4694 plenitudo
