3528 5644
219 830 445 906 Luculenter
464 857 510 906 ea
532 833 589 906 vis
613 831 768 932 effulget
791 834 827 908 in
847 833 1013 933 Lysitele
1030 836 1178 929 iuvene,
1194 863 1310 934 quem

167 951 318 1028 Plautus
345 955 382 1027 in
410 954 632 1029 Trinummo
654 954 691 1028 in
717 981 894 1030 scaenam
923 959 1105 1055 producit.
1134 957 1187 1032 Ut
1214 959 1310 1034 ller-

166 1077 266 1150 cules
294 1077 499 1175 quondam,
529 1079 581 1151 sic
609 1078 794 1176 Lysiteles
821 1079 858 1152 in
886 1081 995 1154 trivia
1023 1096 1197 1155 versatur
1225 1106 1306 1168 nec,

167 1217 289 1274 utrum
321 1197 507 1298 voluptati
540 1226 590 1274 an
627 1201 753 1277 virtuti
782 1203 941 1300 obsequi
969 1200 1102 1276 melius
1129 1203 1188 1291 sit,
1217 1203 1310 1276 satis

166 1324 200 1398 ei
227 1321 355 1421 liquet.

219 1445 320 1519 Dicit
354 1446 423 1541 (vs,
465 1469 511 1518 22
519 1447 576 1544 5):
620 1446 809 1544 ‚Egomet
848 1473 908 1522 me
935 1474 1059 1546 coquo
1088 1464 1127 1523 et
1155 1473 1306 1523 macero

1053 1587 1092 1645 et
1119 1571 1308 1670 defetigo:

220 1691 404 1788 Magister
431 1691 519 1764 mihi
546 1691 729 1766 exercitor
756 1693 901 1766 animus
930 1718 1028 1766 nunc
1055 1692 1151 1769 est.’'

220 1813 384 1887 Animus
409 1813 521 1912 igitur
549 1839 635 1888 eum
664 1815 760 1910 regit
787 1799 962 1913 eumque,
992 1815 1081 1912 quid
1111 1815 1144 1889 ei
1172 1814 1309 1888 facien·

166 1937 256 2010 dum
284 1937 342 2022 sit,
371 1937 500 2030 docet3
529 1937 658 2012 iudicis
684 1951 800 2035 atque
827 1937 879 2010 rei
908 1937 1077 2034 partibus
1104 1937 1176 2011 hac
1204 1937 1239 2009 in
1269 1962 1310 2011 re

166 2057 274 2134 simul
299 2059 477 2157 fungitur.

225 2181 301 2276 „Ut
341 2197 540 2280 utramque
579 2208 659 2257 rem
700 2181 809 2257 simul
852 2197 1043 2280 exputem,
1085 2184 1196 2258 iudex
1238 2181 1308 2255 sim

581 2331 744 2403 reusque
771 2306 821 2380 ad
849 2330 934 2379 eam
963 2304 1068 2380 rem'’
1098 2307 1168 2402 (vs.
1203 2307 1305 2401 234).

221 2428 369 2502 luvenis
395 2427 465 2502 sibi
492 2427 660 2502 conscius
684 2431 753 2518 es't,
778 2427 846 2501 sibi
870 2452 979 2516 nunc,
1005 2428 1094 2526 quid
1117 2426 1308 2523 agendum

165 2550 224 2643 sit,
265 2549 506 2649 deligendum
547 2575 651 2643 esse3
694 2564 871 2647 parentes
913 2575 999 2623 eum
1041 2550 1139 2623 bene
1176 2549 1310 2623 educa-

165 2689 300 2749 verant
324 2686 661 2771 exstruxerantque
684 2688 879 2770 tamquam
903 2672 1188 2746 fundamentum
1208 2672 1310 2745 vitae

166 2797 257 2872 eius.
295 2797 398 2870 Dum
427 2797 463 2870 in
501 2811 691 2894 potestate
727 2795 919 2869 fabrorum
956 2812 1043 2869 sunt
1080 2793 1196 2887 liberi,
1234 2791 1310 2892 ple·

166 2946 325 3018 rumque
362 2919 472 3015 probi
499 2918 673 3016 frugique
700 2933 873 3011 manent3
902 2933 1105 3017 postquam
1133 2943 1238 3007 ver0,
1268 2931 1309 2989 ut

166 3042 287 3118 Plauti
307 3041 433 3117 verbis
459 3057 543 3115 utar
570 3041 700 3138 (Most.
737 3042 970 3138 129-145)‚
1000 3040 1309 3137 immigraverunt

164 3165 202 3238 in
238 3165 430 3262 ingenium
464 3189 585 3254 suum,
623 3163 775 3260 saepius
811 3187 968 3259 operam
1003 3162 1193 3234 fabrorum
1222 3159 1306 3235 ilico

165 3288 338 3386 perdunt.
382 3284 566 3384 Lysiteles
607 3301 746 3377 autem,
789 3285 846 3358 cui
888 3285 967 3358 sine
1004 3283 1139 3358 cortice
1177 3307 1266 3356 nare
1280 3283 1308 3380 ¹)

165 3436 234 3508 pro
272 3423 398 3484 aetate
434 3408 508 3483 iam
544 3407 658 3500 licuit,
696 3408 974 3483 admonitorum
1007 3420 1205 3506 parentum
1233 3429 1310 3478 non

165 3531 303 3608 oblitus
344 3547 403 3606 est
444 3531 688 3630 graviterque
730 3555 871 3622 secum,
914 3530 1004 3627 quid
1046 3529 1210 3604 facturus
1250 3528 1308 3620 sit,

163 3669 327 3752 reputat.

220 3777 306 3876 Ipse
340 3776 451 3850 iudex
487 3791 603 3874 atque
639 3801 726 3850 reus
762 3791 840 3869 est3
870 3775 945 3848 iam
973 3773 1140 3871 cogitato
1168 3771 1309 3847 scelere

163 3925 207 3974 se
230 3900 310 3997 ipse
334 3915 495 3974 accusat.
524 3899 612 3972 Hoc
635 3913 692 3972 est
716 3923 812 3995 opus
836 3895 1085 3971 conscientiae
1101 3895 1305 3984 hominem,

164 4049 251 4098 cum
277 4023 501 4120 peccaverit,
530 4047 718 4096 accusare.

166 4153 173 4160 “
219 4145 488 4221 Verumtamen
526 4146 624 4219 bene
660 4143 896 4242 perspicienti
935 4138 1120 4238 Lysiteles
1155 4139 1306 4213 sensum

163 4295 280 4344 verae
307 4269 514 4343 honestatis
541 4293 617 4341 non
645 4267 773 4341 habet.
925 4255 927 4260 ’

205 4503 231 4571 ι)
255 4503 288 4554 es.
313 4503 379 4552 Hor.
403 4501 456 4552 Sat.
478 4514 500 4552 1.
519 4514 546 4564 4.
568 4512 632 4564 119:

562 4585 690 4652 „Simulac
709 4583 840 4635 duraverit
859 4589 930 4633 aetas

202 4678 336 4745 „Membra
353 4676 522 4742 animumque
541 4681 624 4741 tuum,
643 4673 719 4723 nabis
738 4673 794 4722 sine
815 4669 939 4720 cortice”.
