3576 5650
256 1401 395 1476 Studiis
445 1402 667 1478 academicis
721 1405 771 1479 ad
826 1405 939 1478 finem
993 1405 1181 1502 perductis
1234 1404 1345 1478 vobis

202 1555 394 1645 omnibus,
438 1556 505 1630 viri
547 1554 754 1649 clarissimi,
797 1582 958 1655 quorum
999 1554 1060 1631 vel
1103 1555 1239 1631 scholis
1281 1555 1373 1666 vel

203 1707 408 1784 domestica
445 1711 713 1785 consuetudine
748 1711 836 1785 mihi
872 1712 941 1786 frui
980 1711 1126 1802 licebat,
1170 1711 1343 1786 meritam

203 1863 364 1972 gratiam
402 1865 562 1940 memori
604 1881 730 1940 mente
771 1865 958 1964 persolvo,
998 1867 1128 1964 Atque
1165 1865 1346 1963 imprimis

202 2015 268 2089 tibi
305 2015 506 2092 clarissime
540 2019 916 2118 aestimatissimeque
950 2018 1113 2118 Woltjer
1143 2044 1190 2093 ex
1217 2019 1344 2094 animo

201 2170 345 2269 gratias
372 2196 448 2270 ago
476 2197 591 2270 quam
615 2174 809 2264 maximas,
835 2175 938 2273 quod
962 2189 1014 2265 tu,
1039 2173 1103 2271 qui
1121 2171 1257 2247 multos
1277 2199 1345 2271 per

202 2350 323 2400 annos
369 2327 405 2399 in
452 2325 582 2401 litteris
629 2326 794 2402 colendis
839 2328 928 2402 mihi
973 2329 1074 2402 viam
1116 2328 1343 2419 monstrasti,

204 2481 423 2575 praesertim
463 2480 499 2553 in
537 2481 609 2556 hoc
638 2481 819 2580 opusculo
846 2483 1111 2581 componendo
1139 2507 1344 2580 numquam

203 2634 291 2707 mihi
317 2635 477 2709 defuisti.

256 2787 306 2862 Et
327 2788 403 2878 tibi,
434 2787 634 2865 clarissime
660 2789 839 2883 Geesink,
866 2791 1008 2888 gratias
1023 2790 1147 2864 habeo
1161 2815 1341 2880 summas,

202 2942 266 3040 qui
303 2940 564 3042 philosophiae
595 2944 786 3018 historiam
815 2943 1038 3041 logicaeque
1066 2941 1254 3018 elementa
1282 2969 1343 3018 me

202 3096 384 3172 docueris.

257 3250 337 3324 Nec
373 3275 448 3324 non
485 3265 570 3325 tuas
606 3249 765 3343 scholas,
804 3249 1006 3326 clarissime
1035 3250 1203 3349 Kuyper,
1233 3266 1343 3350 grato

202 3404 327 3479 animo
356 3405 542 3479 recordor.

256 3556 348 3646 Vos,
377 3555 662 3648 commilitones,
692 3583 852 3656 quorum
881 3558 1151 3632 consuetudine
1179 3584 1224 3632 ac
1252 3558 1339 3632 ami·

203 3709 287 3784 citia
315 3736 383 3808 per
411 3727 469 3784 tot
497 3737 617 3786 annos
644 3711 806 3804 fruebar,
835 3710 963 3786 valere
993 3736 1125 3786 omnes
1152 3713 1274 3787 iube0.

256 3863 375 3938 Vobis
423 3864 597 3963 denique,
646 3864 820 3940 benevoli
871 3864 1043 3953 lectores,
1093 3863 1166 3939 hoc
1216 3891 1341 3939 meum

202 4015 423 4116 opusculum
452 4018 688 4109 commend0,
718 4018 834 4116 quod,
860 4043 1016 4116 quaeso,
1041 4016 1152 4114 aequi
1179 4018 1342 4117 bonique

199 4171 325 4246 lacere
352 4169 487 4244 velitis,
