3576 5650
172 823 267 922 Agr.
299 850 360 918 42.

282 945 464 1021 Salarium
479 1008 486 1021 .
501 1007 508 1021 .
524 1007 530 1021 .
546 1008 552 1021 .
579 973 654 1022 non
679 947 823 1021 dedit..
839 1007 845 1020 .
861 1007 868 1020 .
898 947 978 1021 sive
1005 973 1052 1021 ex
1075 948 1312 1040 conscientia,

282 1095 341 1160 ne,
372 1071 476 1167 quod
504 1086 687 1162 vetuerat,
715 1071 904 1144 videretur
921 1071 1077 1144 'emisse

172 1206 269 1283 Vell.
301 1209 380 1282 Pat.
413 1235 446 1283 2.
478 1234 539 1300 91.

282 1333 378 1405 Cum
414 1348 513 1406 esset
547 1332 648 1406 omni
684 1332 908 1431 flagitiorum
943 1331 1201 1428 scelerumque
1229 1357 1313 1406 con·

281 1456 434 1530 scientia
462 1482 618 1531 mersus.

172 1578 260 1652 Sen.
290 1579 398 1653 Suas.
432 1600 464 1674 7.
502 1605 531 1652 1.

281 1701 519 1775 Conscientia
547 1726 750 1799 prosperae
778 1701 1024 1799 turpitudinis

173 1824 221 1898 de
249 1825 356 1899 form.
387 1824 474 1897 hon.
505 1831 594 1917 416.

282 1948 381 2020 Nam
407 1947 581 2020 timidum
607 1971 682 2020 non
711 1946 797 2020 lacit
825 1929 990 2020 animum
1020 1946 1087 2018 nisi
1115 1946 1314 2043 reprehen-

279 2069 393 2156 sibilis
421 2070 521 2142 vitae
549 2068 785 2143 conscientia.

174 2191 259 2267 Val.
292 2193 395 2266 Max.
428 2199 461 2265 6.
499 2218 529 2266 1.

282 2316 361 2389 Nec
389 2315 562 2389 sustinuit
598 2315 676 2389 eius
713 2315 764 2387 rei
803 2313 1068 2388 conscientiam
1103 2312 1311 2403 Laetorius,

280 2439 346 2511 sed
370 2463 412 2511 se
439 2437 519 2534 ipse
549 2452 638 2511 ante
665 2435 786 2510 iudicii
815 2451 964 2533 tempus
993 2436 1083 2533 luga
1107 2435 1205 2532 prius
1228 2433 1312 2507 sub·

280 2561 401 2651 traxit,
431 2561 567 2634 deinde
596 2560 708 2634 etiam
738 2575 858 2633 morte
886 2558 1041 2656 punivit.

172 2681 327 2777 Quintil.
359 2680 466 2756 Decl.
497 2682 582 2756 mai.
614 2706 649 2775 4.
681 2706 716 2773 9.

280 2805 389 2899 Quos
417 2803 564 2878 sceleris
593 2803 819 2880 conscientia
838 2865 844 2878 .
864 2865 871 2880 .
890 2862 924 2879 ..
956 2805 991 2878 in
1019 2813 1197 2900 suprema
1223 2827 1312 2876 com·

270 2928 444 3024 pelleret.

172 3047 288 3146 Apul.
319 3064 406 3123 met.
442 3072 474 3143 3.
508 3073 542 3142 3.

279 3171 329 3246 Et
362 3173 443 3269 ipse
477 3171 702 3245 conscientia
737 3173 830 3246 tanti
867 3172 1039 3246 facinoris
1070 3171 1203 3245 merito
1232 3195 1311 3267 per·

279 3310 402 3368 motus
429 3295 553 3368 statim
582 3295 758 3392 profugit.

222 3718 296 3791 IV.
329 3717 558 3791 Conscientia
589 3719 614 3791 i.
630 3745 664 3816 q.
694 3720 907 3820 bewuslzzjn
937 3719 993 3816 (de
1020 3721 1104 3793 bene
1123 3718 1259 3816 factis)

239 3840 332 3914 adz'c.
355 3864 442 3939 gen.
472 3866 542 3913 cas.
572 3840 634 3914 vel
656 3842 891 3915 enuntiatum
919 3844 981 3915 vel
994 3852 1112 3939 pron.
1141 3842 1232 3916 dem.

172 4026 250 4100 Cic.
282 4024 372 4099 Phil.
409 4051 438 4100 1.
470 4050 505 4116 9.

280 4147 437 4222 Erectus
474 4148 624 4222 maximi
662 4173 706 4221 ac
743 4147 977 4245 pulcherrimi
1014 4147 1100 4222 sacti
1135 4149 1190 4221 sui
1227 4174 1312 4222 con-

1146 4271 1309 4345 scientia.

172 4377 264 4453 Phil.
300 4404 332 4452 2.
369 4403 452 4471 114.

280 4501 362 4574 Etsi
397 4501 495 4575 enim
524 4502 613 4574 satis
641 4500 676 4574 in
705 4501 786 4598 ipsa
819 4500 1045 4574 conscientia
1078 4499 1314 4599 pulcherrimi

281 4624 367 4697 sacti
396 4623 534 4697 fruetus
562 4639 653 4698 erat.
