3576 5650
197 794 303 870 Decl.
334 796 421 872 Mai.
453 822 488 888 9.
525 817 581 891 17.

304 919 449 1017 Magna
478 918 703 994 conscientia
734 934 790 994 est
819 917 1032 994 felicitatem
1064 919 1253 993 meruisse.

197 1039 304 1114 Decl.
337 1041 426 1114 Mai.
463 1047 520 1115 16.
557 1066 587 1115 1.

305 1153 529 1237 Universam
568 1164 718 1261 pietatis
749 1189 857 1238 meae
886 1163 1150 1238 conscientiam
1179 1163 1336 1238 intueor.

198 1284 290 1358 Aur.
324 1287 465 1360 Fronto
495 1312 530 1383 p.
565 1306 625 1380 71.
662 1312 705 1360 12
739 1285 787 1361 N.

303 1409 540 1484 Conscientia
565 1435 676 1483 curae
700 1407 888 1508 diligentis
911 1425 949 1484 et
974 1411 1248 1509 temperantiae
1263 1436 1337 1484 me·

198 1625 201 1632 .
303 1532 393 1605 dicis
418 1533 671 1629 obsequentis,

194 1652 310 1751 Apul.
341 1669 429 1729 met.
466 1679 522 1728 10.
556 1677 590 1750 5.

304 1778 390 1853 Non
419 1778 603 1876 parricidii
632 1779 869 1852 conscientia.

195 1898 310 1996 Apul.
342 1902 469 1974 mund.
504 1923 563 1994 25.

306 2023 380 2117 Qui
409 2023 456 2096 sit
606 2021 855 2096 conscientiae
883 2021 1057 2097 celsioris,

194 2145 297 2220 Tert.
327 2146 375 2219 de
406 2144 496 2218 ldol.
532 2170 589 2219 11.

302 2267 420 2365 Ipsius
448 2267 535 2341 fidei
563 2267 829 2342 conscientiam
858 2294 1115 2366 perrogemus.

195 2390 230 2464 d.
261 2388 374 2463 Cultu
402 2391 487 2464 lem.
522 2415 554 2464 2.
592 2416 621 2464 1.

302 2513 483 2587 Feminae
521 2514 727 2606 nationum,
761 2539 784 2587 a
813 2514 947 2612 quibus
974 2514 1083 2588 abest
1110 2513 1335 2589 conscientia

234 2651 236 2656 '
301 2661 415 2709 verae
444 2635 655 2733 pudicitiae.

195 2759 283 2832 adv,
313 2756 399 2832 Val.
430 2783 463 2852 3.

302 2881 377 2954 Sed
405 2883 470 2978 qui
498 2908 545 2955 ex
574 2880 699 2980 aliqua
727 2881 954 2955 conscientia
982 2881 1127 2956 venerit
1156 2881 1253 2956 fidei.

193 3004 244 3077 ad
273 3004 361 3077 Nat.
397 3029 427 3078 1.
464 3029 493 3078 1.

304 3126 418 3219 Quod
447 3128 545 3201 adeo
575 3125 735 3225 amplius
763 3126 925 3201 iustitiae
953 3127 1178 3201 conscientia
1212 3152 1336 3199 cumu-
1371 3159 1373 3164 ·

302 3248 447 3324 labitur.

207 3558 248 3633 V.
274 3558 517 3650 Conscientia,
533 3560 700 3633 cuz'adz'c.
712 3586 798 3658 gen.
822 3558 989 3654 „animi”
1007 3561 1069 3632 vel
1084 3557 1264 3652 „mentz's”
1280 3557 1342 3629 vel

374 3681 569 3774 „animae”
591 3684 822 3781 plerumque
849 3683 874 3756 i.
890 3708 925 3779 q.
961 3681 1175 3780 „gewelen''.

197 3866 308 3939 Caes
339 3864 387 3939 de
416 3866 457 3939 B.
489 3865 571 3939 Civ.
602 3871 662 3939 60.

306 3988 424 4085 quue
448 3989 500 4061 ita
527 4014 610 4062 esse
640 4014 723 4062 cum
752 4014 799 4062 ex
828 3988 984 4062 aliorum
1013 3984 1335 4074 obiectationibus

304 4124 383 4183 tum
421 4109 535 4184 etiam
574 4135 621 4184 ex
658 4111 864 4184 domestico
901 4110 1034 4185 iudicio
1072 4124 1186 4206 atque
1223 4106 1336 4180 animi

304 4232 532 4307 conscientia
560 4231 840 4329 intellegebant.

196 4356 245 4428 de
276 4355 317 4427 B.
348 4353 411 4428 Al.
446 4378 507 4449 31.

304 4477 364 4550 Ex
391 4478 557 4575 ipsorum
586 4477 718 4551 inertia
746 4478 1048 4575 conscientiaque
1076 4475 1188 4550 animi
1223 4474 1337 4547 victo·

305 4600 381 4674 riae
410 4600 555 4675 fiducia.
