3528 5644
581 1471 760 1546 CAPUT
789 1474 850 1548 III.

262 1857 337 1935 Quo
360 1860 404 1920 de
428 1861 653 1933 conscientia,
677 1875 767 1936 quae
789 1861 826 1920 in
848 1860 922 1920 vita
943 1859 1172 1934 moribusque

373 1964 616 2025 Romanorum
638 1965 784 2037 eluceat,
807 1964 1046 2040 investigatur.
1249 1957 1252 1963 ’

136 2126 139 2132 ’
203 2144 225 2237 ξ
256 2167 284 2217 1.
314 2145 394 2218 Iam
423 2145 459 2217 in
489 2145 610 2242 capite
637 2144 803 2220 secundo
831 2143 1074 2230 ostendimus,
1099 2143 1175 2216 vim
1197 2168 1284 2217 con·

157 2264 329 2355 scientiae,
360 2292 590 2366 quamquam
619 2268 776 2342 deorum
805 2265 935 2358 cultus,
959 2266 1158 2364 quominus
1181 2267 1285 2341 notio

156 2389 393 2464 conscientiae
452 2405 646 2482 cresceret,
708 2389 915 2488 impediret,
985 2388 1146 2485 antiquis
1208 2414 1284 2462 non

156 2506 310 2604 ignotam
334 2511 458 2600 fuisse,
482 2539 597 2587 vocem
616 2538 708 2587 vero
724 2511 975 2587 conscientiae
991 2511 1027 2583 in
1042 2511 1167 2603 rebus
1186 2537 1285 2608 quae

155 2632 199 2704 ad
232 2632 450 2731 religionem
478 2636 717 2732 pertinerent,
747 2659 953 2733 numquam
982 2634 1031 2708 ab
1059 2634 1103 2707 iis
1132 2660 1285 2732 usurpa-

155 2766 224 2826 tam
250 2782 343 2831 esse.
843 2773 854 2792 ‘

201 2877 238 2949 ln
270 2878 311 2952 iis
340 2904 503 2977 quoque,
534 2905 632 2978 quae
660 2879 708 2952 de
736 2878 814 2953 vita
843 2879 1085 2977 moribusque
1113 2878 1285 2978 antiquo-

152 3021 225 3070 rum
258 3000 516 3075 Romanorum
553 2999 724 3098 legimus,
762 3001 900 3098 passim
939 3001 1191 3076 conscientiae
1228 3002 1283 3075 vis

153 3134 223 3193 tam
250 3123 411 3196 testandi
441 3149 554 3222 quam
583 3123 768 3197 iudicandi
796 3123 1021 3221 conspicitur
1035 3123 1074 3220 ¹).

202 3242 383 3318 Notiones
430 3243 564 3342 culpae
615 3245 944 3344 poenitentiaeque
958 3245 997 3342 ⁹),
1046 3270 1140 3343 quas
1181 3245 1283 3342 apud

152 3387 271 3440 omnes
293 3365 456 3464 populos
480 3366 652 3465 quamvis
676 3366 852 3441 efferatos
876 3367 1067 3441 observari
1088 3365 1185 3459 licet,
1211 3366 1286 3441 iam

151 3485 244 3582 ipsae
272 3489 461 3573 actionem
489 3489 739 3564 conscientiae
769 3489 944 3564 indicant.
977 3489 1075 3581 Vo>c‚
1106 3505 1285 3586 quaeest

151 3608 328 3703 delictum,
373 3637 471 3708 quae
513 3611 614 3710 apud
650 3611 823 3685 Plautum
858 3610 1005 3708 legitur,
1044 3612 1093 3685 ad
1132 3638 1285 3687 normas

152 3731 339 3826 quasdam,
370 3735 418 3807 ad
441 3734 592 3833 regulas
617 3733 826 3822 nonnullas,
851 3735 1056 3809 secundum
1082 3760 1176 3832 quas
1200 3761 1287 3808 con·

150 3854 294 3929 scientia
340 3857 488 3950 iudicat,
536 3872 694 3955 spectat,
734 3858 867 3955 quibus
904 3855 1084 3955 neglectis
1123 3882 1147 3930 a
1183 3873 1287 3932 recta

151 3974 206 4049 via
233 3978 436 4053 deceditur.

197 4099 256 4174 De
299 4101 438 4175 normis
482 4100 550 4175 illis
590 4100 667 4176 late
704 4101 862 4200 fuseque
899 4100 1024 4175 dicere
1059 4125 1184 4198 neque
1220 4101 1286 4186 hu-

154 4280 293 4292 ..ὴ-

183 4388 207 4457 1)
230 4391 263 4442 cf.
287 4389 463 4456 Nagelsbach,
488 4405 512 4440 o.
538 4389 556 4440 1.
582 4407 608 4456 p.
629 4399 695 4453 370:
716 4390 784 4456 qun
804 4389 941 4440 Gewissen
960 4389 1015 4441 und
1034 4390 1109 4440 somit
1128 4390 1171 4440 eiu
1189 4389 1287 4440 Gefnhl

151 4475 207 4538 „der
228 4477 439 4543 Siindeuschuld,
459 4477 517 4527 eine
536 4477 610 4526 mehr
628 4478 691 4527 oder
709 4477 810 4527 minder
829 4477 891 4527 tiet'e
910 4474 1086 4528 Erkenntniss
1105 4475 1296 4528 menschlicher

151 4561 374 4630 „sundhaftigkeit
392 4579 445 4614 war
463 4579 516 4614 von
531 4563 606 4628 jeher
624 4562 684 4615 da”.

179 4649 206 4716 2)
223 4651 257 4702 cf.
276 4650 360 4702 Plaut.
378 4651 458 4701 Most.
481 4661 545 4714 170:
563 4651 632 4717 „Cor
654 4651 735 4720 dolet,
745 4667 826 4716 quum
835 4651 900 4719 scio,
908 4657 937 4703 ut
947 4667 1017 4702 nunc
1027 4667 1084 4703 sum
1093 4659 1173 4717 atque
1183 4659 1212 4703 ut
1222 4650 1286 4702 sui.'’
