3576 5650
475 770 533 843 Re
564 829 571 842 .
603 774 638 842 6.
670 769 705 841 8.

535 796 659 966 pSed
700 915 931 988 quamquam
979 888 1209 987 sapientibus
1260 887 1486 963 conscientia
1533 889 1615 986 ipsa

581 1015 765 1088 factorum
802 1012 1040 1110 egregiorum
1078 1010 1346 1110 amplissimum
1384 1012 1529 1086 virtutis
1555 1027 1616 1086 est

1393 1135 1612 1232 praemium.

474 1260 522 1334 de
552 1259 640 1333 Nat.
670 1258 787 1332 Deor.
821 1282 855 1353 3.
888 1261 949 1352 85.

581 1381 661 1454 Nisi
685 1397 723 1456 et
742 1381 886 1454 virtutis
902 1395 939 1454 et
954 1378 1129 1454 vitiorum
1144 1380 1224 1454 sine
1239 1377 1315 1452 ulla
1329 1379 1455 1453 divina
1470 1380 1613 1454 ratione

579 1528 699 1602 grave
739 1503 853 1602 ipsius
894 1502 1144 1576 conscientiae
1187 1502 1336 1600 pondus
1376 1517 1495 1595 esset3
1538 1526 1614 1599 qua

580 1624 729 1700 sublata
757 1626 879 1700 iacent
907 1625 1046 1700 omnia.

475 1764 560 1839 Cat.
588 1765 625 1838 d.
654 1765 744 1838 Sen.
774 1788 810 1855 9.

582 1886 820 1962 Conscientia
848 1887 946 1960 bene
974 1899 1082 1960 actae
1111 1885 1223 1960 vitae.

473 2024 554 2098 Att.
591 2048 647 2098 10.
679 2047 714 2116 4.

581 2145 775 2221 Praeclara
799 2146 1026 2220 conscientia
1048 2159 1248 2236 sustentor,
1273 2172 1357 2219 cum
1385 2145 1523 2244 cogito,
1553 2171 1613 2219 me

580 2270 628 2342 de
656 2267 845 2367 republica
875 2284 940 2343 aut
967 2268 1145 2342 meruisse
1174 2269 1326 2366 optime.

473 2407 554 2481 Att.
590 2430 646 2480 10.
680 2428 713 2501 5.

580 2528 666 2602 Hac
696 2528 807 2627 igitur
835 2529 1062 2604 conscientia
1089 2527 1225 2603 comite
1253 2527 1476 2626 proficiscar.

472 2668 551 2742 Att.
588 2693 644 2761 14.
681 2693 738 2744 11.

579 2791 722 2866 Verum
746 2790 814 2865 illis
837 2817 979 2890 magna
1003 2789 1209 2866 consolatio
1224 2789 1450 2865 conscientia
1464 2792 1614 2865 maximi

450 2961 479 3003 .·
578 2929 616 2988 et
644 2914 832 2988 clarissimi
860 2915 957 2988 facti.

472 3050 552 3126 Att.
589 3076 646 3145 14.
683 3037 749 3126 12.¹

578 3175 654 3270 Qui
679 3175 830 3272 quidem
854 3198 1004 3272 semper
1027 3188 1134 3248 erunt
1157 3171 1245 3248 clari
1274 3175 1499 3248 conscientia
1520 3201 1612 3249 vero

578 3297 666 3384 sacti
695 3297 750 3370 sui
779 3296 891 3370 etiam
920 3296 1032 3371 beati.

470 3434 541 3532 Ep.
567 3435 617 3507 ad
644 3433 732 3508 fam.
765 3459 798 3527 3.
832 3456 864 3530 7.

578 3555 713 3629 Fretus
741 3556 968 3631 conscientia
995 3557 1105 3631 officii
1134 3557 1218 3632 mei.

470 3693 541 3792 Ep.
571 3695 621 3767 ad
649 3693 737 3768 sam.
770 3719 803 3789 3.
834 3721 869 3788 9.

578 3817 815 3891 Conscientia
844 3842 952 3891 meae
980 3819 1183 3893 constantis
1212 3843 1305 3916 erga
1332 3833 1369 3892 te
1393 3816 1609 3894 voluntatis

469 3955 540 4053 Ep.
571 3957 620 4029 ad
646 3956 735 4028 fam.
766 3980 801 4047 4.
835 3979 869 4049 3.

577 4078 643 4152 Me
666 4077 818 4174 quidem
842 4093 968 4152 tamen
993 4076 1111 4152 multa
1133 4078 1207 4152 iam
1232 4076 1473 4152 consolantur
1496 4080 1612 4153 maxi-

576 4225 713 4296 meque
744 4200 969 4274 conscientia
998 4198 1234 4274 consiliorum
1264 4226 1446 4275 meorum.

468 4321 538 4419 Ep.
570 4322 619 4395 ad
648 4321 735 4395 sam.
768 4345 802 4416 5.
835 4342 869 4416 7.

577 4441 689 4516 Nulla
713 4444 811 4517 enim
836 4469 876 4518 re
900 4460 977 4519 tam
1006 4443 1138 4519 laetari
1166 4443 1271 4518 soleo
1299 4470 1413 4542 quam
1437 4472 1609 4522 meorum

1133 4568 1339 4644 officiorum
1369 4569 1606 4645 conscientia.
