3528 5644
758 601 804 680 73

211 791 438 890 „probator”
477 792 604 892 (Apul.
644 794 692 868 de
731 794 818 868 Deo
854 793 957 870 Socr.
994 797 1055 893 16)
1086 796 1196 890 Quae
1224 794 1351 868 omnia

205 930 245 988 et
277 915 325 988 de
359 916 586 991 conscientia
619 897 814 1014 leguntur}
844 917 945 1015 apud
969 917 1098 992 Amm.
1119 921 1197 1016 (28.
1224 923 1259 992 6.
1289 919 1351 1014 20)

204 1038 433 1113 conscientia
478 1038 703 1138 flagitiorum
746 1040 886 1113 arbitra
927 1054 1104 1134 vocatur3
1148 1039 1351 1114 Cassianus

204 1161 282 1256 (11.
321 1165 356 1235 8.
396 1163 445 1259 5.)
482 1161 747 1236 conscientiam
782 1162 870 1236 dicit
905 1162 1082 1236 arbitram
1122 1187 1196 1236 non
1228 1160 1350 1235 solum

203 1297 367 1375 actuum,
396 1284 604 1358 sedetiam
631 1283 902 1380 cogitationum
913 1281 951 1381 ¹).
978 1283 1104 1358 Etiam
1129 1283 1239 1358 Genii
1265 1309 1349 1356 cum

204 1404 453 1479 daemonibus
502 1422 723 1504 aequantur.
766 1405 864 1480 Eum
907 1405 1188 1503 (daemonem)”
1232 1404 1351 1502 inquit

206 1526 393 1625 Apuleius
440 1527 504 1624 (de
546 1529 632 1602 Deo
674 1528 779 1603 Socr.
829 1531 888 1627 15)
938 1543 1086 1622 „nostra
1110 1521 1266 1624 'lingua
1310 1541 1352 1601 ut

210 1674 306 1746 „ego
333 1649 567 1747 interpretor,
597 1650 699 1723 haud
726 1650 841 1724 sciam
870 1675 918 1723 an
946 1651 1049 1724 bono
1072 1665 1172 1724 certe
1197 1649 1350 1747 quidem

210 1797 318 1865 „meo
329 1771 493 1870 periculo
503 1771 812 1871 poterisGenium
822 1772 1349 1847 vocare.”Miruminmodum

204 1895 242 1967 in
279 1895 378 1968 idem
415 1911 626 1994 congruunt
661 1921 720 1987 ea,
759 1921 858 1993 quae
886 1920 1005 1993 nuper
1032 1894 1120 1970 Alb.
1150 1894 1194 1968 C.
1227 1895 1352 1991 Kruyt

203 2017 254 2090 de
289 2017 465 2114 gentibus
501 2017 707 2092 Indonesiis
741 2019 1053 2092 commemoravit
1086 2017 1147 2113 (cs.
1174 2015 1349 2114 Verslag.

203 2165 253 2213 en
278 2139 381 2214 Med.
407 2135 476 2245 vsd
498 2141 598 2216 Kon.
624 2141 696 2216 Ac.
723 2169 758 2217 v.
787 2141 889 2215 Wet.
914 2141 1005 2216 Afd.
1024 2141 1123 2216 Lett.
1140 2155 1182 2234 4e
1209 2140 1349 2230 Reeks,

206 2265 248 2335 8e
279 2260 387 2354 Deel‚
420 2277 460 2357 3ο
488 2263 609 2360 stuk):

265 2384 372 2478 „Van
406 2385 593 2483 sommige
626 2384 767 2461 volken
795 2411 1002 2460 vernamen
1029 2385 1088 2484 wij
1117 2384 1184 2458 dat
1211 2384 1260 2458 de
1288 2382 1350 2458 be·

210 2505 455 2605 „geleidende
482 2522 602 2606 geest,
633 2505 688 2582 als
712 2531 782 2582 een
815 2523 934 2602 „stem
962 2507 999 2581 in
1028 2506 1098 2606 zijn
1127 2504 1349 2581 binnenste’'

210 2630 485 2724 „waarschuwt
507 2630 561 2703 Er
583 2631 614 2704 is
638 2655 709 2704 een
731 2630 987 2705 voortdurend
1010 2645 1161 2704 contact
1175 2629 1351 2704 tusschen

212 2751 325 2846 „deze
359 2777 406 2827 en
443 2752 492 2827 de
529 2753 694 2827 mensch.
734 2753 793 2828 En
829 2753 899 2827 wie
936 2752 971 2828 is
997 2779 1050 2827 nu
1077 2753 1137 2827 die
1157 2754 1355 2852 gelczgreest

213 2876 293 2969 „die
318 2875 502 2974 Kockang
521 2876 591 2950 der
613 2876 794 2976 Daj'aks?
818 2877 968 2974 Hierop
991 2876 1026 2950 is
1049 2903 1163 2950 maar
1185 2877 1248 2951 e'e'n
1269 2884 1351 2950 ant·

212 2999 381 3093 „woords
407 2998 468 3071 dit
495 3000 529 3072 is
552 2998 748 3098 'tgeweten
772 2999 836 3073 des
858 2999 1061 3088 menschen,
1089 3001 1137 3073 de
1161 3015 1268 3102 stem,
1292 2999 1352 3073 die

213 3121 271 3215 „in
307 3121 395 3194 hem
433 3122 598 3217 spreekt.
639 3123 718 3196 Dat
746 3146 832 3195 men
861 3123 911 3221 bij
940 3122 995 3196 dit
1023 3122 1155 3220 begrip
1184 3145 1258 3195 van
1287 3147 1352 3219 ge·

213 3258 371 3338 „weten
391 3243 468 3317 niet
504 3243 580 3317 kan
617 3245 779 3341 spreken
807 3270 883 3318 van
912 3270 983 3319 een
1011 3243 1114 3342 goed
1142 3268 1189 3318 en
1217 3243 1352 3316 kwaad

212 3345 406 3464 „aeweten
436 3366 589 3462 spreekt
616 3392 693 3440 van
721 3365 830 3441 zels.'’

262 3486 408 3561 Seneca
436 3487 665 3562 daemonem
693 3489 861 3587 spiritum
890 3503 1030 3582 vocat3
1060 3487 1105 3562 cs.
1136 3489 1208 3586 Ep.
1226 3513 1288 3582 41.
1309 3513 1351 3562 2:

213 3610 351 3706 „Sacer
387 3611 482 3683 intra
519 3636 589 3685 nos
617 3607 766 3709 spiritus
793 3613 912 3700 sedet,
943 3611 1125 3686 malorum
1155 3612 1354 3686 bonorum·

213 3758 310 3831 „que
344 3748 555 3806 nostrorum
591 3735 813 3810 observator
842 3752 880 3810 et
908 3750 1043 3810 custos.
1077 3735 1162 3826 Hic,
1192 3750 1304 3831 prout
1331 3760 1355 3807 a

215 3856 344 3950 „nobis
371 3870 552 3930 tractatus
578 3872 648 3950 est,
678 3858 729 3932 ita
759 3884 828 3932 nos
855 3858 935 3955 ipse
963 3856 1137 3932 tractat.’'

265 3978 459 4051 Postrema
482 3979 576 4053 haec
599 3981 717 4054 verba
732 3978 989 4055 difficultatem
1005 3980 1200 4078 praebent.
1217 3978 1355 4052 Adhuc

209 4099 373 4174 daemon
415 4100 587 4174 omnibus
628 4102 664 4174 in
706 4100 809 4194 locis,
845 4127 941 4200 quos
978 4099 1235 4188 laudaveram,
1274 4115 1356 4174 erat

211 4246 317 4295 mens
350 4220 488 4315 divina,
519 4223 665 4297 animus
693 4240 828 4316 rectus,
857 4224 950 4328 ὀρθὸς
977 4223 1085 4328 λόγος.
1117 4225 1157 4296 In
1186 4223 1355 4296 Senecae

209 4371 302 4421 vero
340 4345 465 4420 verbis
499 4346 662 4422 daemon
692 4345 870 4423 mutabile
899 4346 989 4444 quid
1018 4347 1166 4420 videtur
1194 4371 1289 4432 esse,
1318 4345 1355 4418 id

211 4469 316 4568 quod
353 4484 391 4542 et
431 4485 592 4567 apparet
632 4471 667 4543 in
714 4470 767 4545 M.
807 4470 901 4543 Aur.
952 4494 984 4544 2.
1034 4489 1100 4564 17:
1143 4468 1357 4571 ,,(φιλοσοφεῖν

252 4633 279 4702 r)
298 4633 340 4684 Cf.
358 4633 484 4684 Thesaur.
503 4632 621 4700 Linguae
641 4634 698 4684 Lat.
718 4632 745 4682 in
763 4647 829 4684 voce
847 4632 962 4684 arbitra.
