3576 5650
1018 606 1063 674 14

468 795 575 874 Decl.
607 795 698 872 Mai.
732 817 764 891 7.
798 820 835 886 9.

573 919 659 994 Tibi
687 945 817 994 servus
846 943 869 991 a
893 917 1118 991 conscientia
1140 915 1289 992 sceleris
1312 918 1615 990 summovendus

573 1043 652 1117 fuit.

467 1179 581 1280 Apul.
611 1194 699 1254 met.
734 1201 791 1252 10.
825 1203 884 1252 22.

572 1303 702 1376 Vitata
729 1301 820 1375 lucis
847 1300 1074 1375 conscientia
1100 1301 1249 1376 facessit
1277 1298 1420 1374 mulier.

468 1445 526 1518 Ps.
558 1441 672 1541 Apul.
703 1437 806 1514 Ascl.
842 1465 872 1513 1.

573 1564 793 1639 Tractatum
821 1559 1021 1636 multorum
1049 1561 1276 1636 conscientia
1303 1559 1503 1658 publicare.

467 1699 621 1778 Tertull.
660 1703 708 1776 de
737 1701 802 1775 Or.
836 1726 881 1774 22
920 1701 1049 1797 (Corp.
1079 1700 1157 1774 Ser.
1188 1698 1287 1774 Eccl.
1319 1701 1402 1774 Lat.
1432 1699 1522 1774 XX.
1561 1703 1609 1798 1).

576 1826 735 1899 interest
780 1839 919 1916 nostra,
965 1825 1068 1921 quod
1110 1823 1170 1895 dei
1211 1824 1334 1920 gratia
1377 1838 1608 1914 exerceatur,

575 1947 688 2024 solius
714 1947 775 2021 dei
802 1947 1051 2022 conscientiae
1079 1948 1357 2021 commendare.

469 2088 519 2162 ad
543 2087 661 2161 Uxor.
695 2110 728 2160 2.
762 2107 795 2180 5.

576 2210 691 2305 Quod
724 2207 885 2307 gentiles
916 2223 1043 2282 nostra
1072 2223 1267 2300 noverunt,
1296 2209 1399 2306 quod
1427 2208 1496 2282 sub
1525 2234 1611 2282 con·

574 2331 726 2407 scientia
754 2331 972 2406 iniustorum
1001 2358 1139 2405 sumus

469 2471 517 2545 de
546 2467 638 2544 ldol.
675 2495 732 2544 11.

578 2593 690 2682 Nam,
707 2594 810 2691 quod
826 2593 914 2665 mihi
929 2593 977 2665 de
992 2608 1122 2689 stupro
1137 2591 1373 2666 interdictum
1389 2594 1447 2685 sit,
1464 2592 1544 2667 aliis
1560 2596 1611 2668 ad

575 2742 659 2791 eam
675 2742 754 2789 rem
770 2714 857 2788 nihil
873 2730 937 2788 aut
948 2741 1088 2814 operae
1099 2730 1165 2789 aut
1175 2716 1424 2790 conscientiae
1434 2717 1607 2791 exhibeo.

468 2856 516 2931 de
544 2854 637 2930 ldol.
673 2879 729 2948 13.

574 2979 624 3052 Et
652 2992 781 3052 contra
809 2976 1073 3050 conscientiam
1104 2974 1253 3050 alterius
1281 2978 1374 3076 agis.

467 3103 516 3178 de
544 3103 685 3178 Poenit.
722 3125 778 3175 10.

574 3227 735 3301 Adeone
760 3222 983 3299 existimatio
1007 3223 1200 3297 hominum
1224 3238 1262 3297 et
1286 3223 1358 3297 Dei
1382 3224 1609 3298 conscientia

574 3363 824 3446 comparatur.

469 3471 516 3545 de
545 3469 657 3544 Cultu
685 3470 771 3544 sem.
805 3490 839 3563 5.

575 3593 672 3666 Cum
722 3608 847 3666 autem
898 3592 1078 3688 scriptura
1122 3607 1322 3689 utrumque
1370 3592 1523 3664 mandet
1570 3607 1609 3665 et

575 3716 653 3790 sine
681 3713 830 3790 alterius
858 3714 1083 3788 conscientia
1110 3729 1148 3788 et
1176 3715 1254 3787 sine
1283 3729 1412 3788 nostra
1435 3739 1609 3811 pressura

575 3838 720 3937 operari
745 3837 930 3932 Domin03
960 3835 1047 3909 nihil
1072 3838 1235 3928 interest,
1261 3838 1296 3910 in
1318 3862 1394 3935 qua
1419 3853 1525 3934 parte
1547 3839 1609 3912 de-

574 3961 722 4060 linquas
749 3977 814 4035 aut
841 3961 876 4033 in
906 3961 1170 4034 conscientiam
1199 3962 1371 4035 mariti..
1392 4021 1426 4034 ..
1479 4017 1485 4032 ,

467 4088 552 4161 adv.
583 4085 697 4160 Marc.
729 4111 764 4178 4.
796 4109 858 4178 43.

574 4208 699 4283 Etiam
727 4204 964 4280 dissimulans
991 4206 1039 4280 de
1067 4207 1293 4281 conscientia
1321 4207 1373 4280 rei
1401 4223 1544 4304 gestae.

468 4333 527 4406 ad.
558 4331 646 4404 Nat.
682 4354 712 4404 1.
749 4351 805 4424 15.

574 4451 650 4526 Sed
675 4449 817 4526 nullae.
833 4513 839 4526 .
855 4513 883 4526 ..
909 4451 1014 4550 leges
1037 4468 1115 4526 tam
1135 4454 1286 4550 impune
1301 4468 1378 4527 tam
1395 4479 1523 4526 secure
1537 4455 1610 4528 sub

574 4575 739 4649 omnium
768 4576 993 4650 conscientia
1010 4637 1017 4650 .
1037 4636 1044 4650 .
1064 4637 1070 4649 .
1090 4636 1096 4649 .
1128 4578 1298 4651 eduntur.
