3576 5650
785 654 805 738 7

334 845 395 921 Nil
430 848 595 921 conscire
630 847 709 939 sibi,
741 846 841 921 nulla
869 848 1073 945 pallescere
1101 844 1221 947 culpa.
1260 941 1265 952 .

224 971 338 1068 (quae
353 971 470 1045 verba
488 970 673 1044 immerito
688 968 875 1044 nonnullis
894 972 1098 1046 editoribus
1113 987 1199 1045 sunt
1212 973 1364 1070 spuria).

337 1092 564 1188 „Conscius”
587 1093 753 1191 quinque
776 1092 867 1166 locis
890 1094 992 1191 apud
1017 1092 1189 1168 Plautum
1213 1093 1364 1192 legitur:

225 1245 312 1322 Aul.
343 1245 441 1321 Prol.
475 1252 536 1342 38.

332 1370 461 1443 Anum
497 1369 600 1443 foras
636 1369 811 1461 extrudit,
841 1395 888 1443 ne
916 1370 962 1443 sit
989 1370 1149 1444 conseia.

226 1523 317 1599 Cist.
351 1547 438 1619 590.

332 1649 409 1722 Fac
437 1673 498 1722 me
526 1648 724 1722 consciam.

223 1800 334 1875 Truc.
367 1807 427 1876 60.

333 1925 452 2019 Quos,
503 1950 619 2021 quum
670 1922 846 2017 celamus,
899 1923 929 1997 si
973 1923 1134 1997 faximus
1184 1924 1362 1998 conscios.

223 2060 323 2135 Rud.
355 2067 443 2152 926.

331 2183 479 2257 Aurum
517 2185 575 2259 hic
609 2185 731 2260 inesse
768 2211 864 2278 reor,
897 2211 965 2259 nec
994 2183 1082 2257 mihi
1110 2183 1279 2258 conscius
1308 2200 1365 2258 est

329 2304 425 2380 ullus
461 2307 588 2382 homo

225 2443 340 2518 Most.
374 2468 462 2539 544.

332 2567 433 2640 Nihil
471 2584 528 2642 est
563 2569 742 2661 miserius,
774 2596 889 2667 quarn
917 2569 1064 2642 animus
1092 2566 1253 2642 hominis
1280 2591 1364 2640 con·

329 2716 436 2766 scius

404 3001 603 3076 Terentius
631 3002 828 3101 quinquies
856 3027 950 3076 voce
985 2999 1198 3095 „conscius”
1230 3000 1362 3074 utitur:

225 3125 364 3200 Heaut.
396 3126 494 3200 Tim.
531 3149 615 3200 121.
695 3135 697 3138 ’

331 3249 406 3323 Ubi
434 3249 599 3347 comperi
627 3275 674 3323 ex
702 3249 755 3340 iis,
786 3248 850 3346 qui
878 3248 911 3321 ei
937 3248 1041 3322 fuere
1064 3246 1210 3321 conscii.

224 3387 411 3462 Phormio.
449 3414 461 3461 1
472 3395 541 3496 563

330 3511 404 3606 Qui
431 3528 511 3585 tam
540 3510 692 3584 audacis
721 3510 893 3584 facinoris
921 3510 1009 3582 mihi
1038 3509 1206 3583 conscius
1234 3509 1294 3582 sis.

225 3649 322 3723 Hec.
355 3673 442 3744 392.

330 3771 516 3846 Parturire
550 3797 635 3845 eam
674 3797 743 3846 nec
771 3770 967 3870 gravidam
997 3795 1079 3843 esse
1108 3795 1155 3843 ex
1184 3785 1233 3860 te,
1263 3767 1363 3842 solus

1169 3889 1362 3968 consciu's

223 4032 299 4106 Ad.
333 4037 420 4127 348.
483 4094 486 4100 .

331 4156 538 4247 Postremo,
569 4156 722 4252 quando
751 4181 826 4252 ego
853 4154 1002 4228 conscia
1031 4153 1119 4227 mihi
1147 4178 1229 4226 sum
1258 4177 1281 4224 a
1302 4176 1363 4224 me

330 4277 477 4376 culpam
502 4304 587 4352 esse
610 4278 706 4351 hanc
730 4276 872 4376 procul.

222 4404 319 4490 Eun.
356 4442 439 4510 199.

328 4538 494 4638 Egopol,
523 4540 737 4638 quaemihi
766 4565 848 4612 sum
877 4539 1038 4627 conscia,
1060 4540 1133 4612 hoc
1163 4554 1266 4613 certo
1288 4537 1364 4611 scio

329 4661 467 4760 Neque
496 4689 558 4737 me
585 4662 735 4756 finxisse
763 4660 844 4734 salsi
861 4722 868 4737 .
888 4721 895 4736 .
914 4721 949 4737 ..
