3576 5650
1010 575 1053 624 12

462 767 561 844 Hist.
620 825 628 842 .
714 827 721 842 .

568 789 799 987 U4bi,55quos
841 888 997 964 idoneos
1038 888 1227 981 rebantur,
1270 887 1497 962 conscientia
1539 889 1613 963 ob

566 1012 759 1089 strinxere.

461 1170 563 1244 Ann.
597 1193 631 1242 2.
661 1189 724 1260 40.

568 1291 765 1379 Hortatur,
795 1286 968 1364 simulata
996 1286 1224 1364 conscientia
1251 1286 1402 1363 adeant.

461 1446 563 1521 Ann.
596 1470 629 1519 2.
661 1447 724 1518 68.

569 1566 682 1642 Unde
717 1565 838 1641 maior
875 1564 970 1641 fides
1003 1563 1231 1642 conscientia
1259 1562 1408 1640 sceleris
1435 1583 1475 1646 et
1503 1582 1609 1643 metu

567 1688 690 1764 indicii
718 1703 878 1764 mortem
907 1686 1067 1764 Voconii
1095 1685 1263 1764 inlatum.

462 1843 563 1918 Ann.
596 1867 629 1918 2.
664 1863 722 1939 77.

568 1967 637 2041 Est
662 1965 729 2043 tibi
758 1963 960 2066 Augustae
994 1963 1229 2042 conscientia.

461 2123 562 2196 Ann.
595 2146 629 2217 3.
666 2144 724 2195 10.

569 2242 712 2319 Contra
738 2241 934 2318 Tiberium
962 2242 1181 2341 spernendis
1205 2239 1417 2317 munoribus
1439 2239 1609 2318 validum

568 2380 607 2441 et
633 2365 885 2442 conscientiae
913 2364 1042 2440 matris
1070 2364 1248 2440 innexum
1276 2389 1372 2439 esse.

465 2517 568 2595 Ann.
598 2542 634 2612 4.
667 2543 700 2614 3.

570 2639 734 2716 Sumitur
761 2641 797 2717 in
826 2633 1092 2717 conscientiam
1120 2639 1323 2716 Eudemus.

467 2792 568 2868 Ann.
627 2854 635 2869 .
671 2818 684 2866 1
721 2854 728 2868 .

333 2907 342 2924 ⁸
571 2818 810 2993 Cbnscientia
838 2914 926 2992 belli
954 2913 1128 2992 Sacrovir
1156 2914 1219 2990 diu
1247 2912 1511 2990 dissimulatus.

447 3061 565 3145 ¹Ann.
597 3075 632 3144 6.
666 3093 726 3145 21.

571 3191 711 3268 Liberti
740 3191 848 3268 unius
876 3191 1103 3269 conscientia
1130 3192 1317 3270 utebatur.

465 3344 565 3418 Ann.
602 3368 660 3418 12.
692 3350 754 3439 67.

553 3464 767 3551 ,Provisam
790 3467 864 3541 iam
888 3469 956 3544 sibi
979 3463 1245 3567 Xenophontis
1269 3468 1402 3543 medici
1419 3469 1609 3544 conscien-

572 3587 662 3662 tiam
692 3589 856 3667 adhibet.

466 3740 566 3818 Ann.
602 3766 659 3837 13.
696 3768 754 3818 12.

522 3933 523 3937 ,
570 3855 688 3940 Simul
716 3865 923 3963 adsumptis
951 3867 987 3942 in
1016 3866 1280 3942 conscientiam
1310 3866 1363 3941 M.
1394 3866 1547 3943 Othone
1568 3883 1609 3944 et

573 3985 733 4063 Claudio
763 3989 852 4064 Sen.

467 4139 569 4215 Ann.
606 4162 663 4235 15.
696 4147 757 4215 60.

574 4261 657 4352 Nec
683 4260 832 4338 tribuno
861 4263 1025 4340 obiciens
1052 4265 1212 4341 eandem
1241 4265 1518 4340 conscientiam.

466 4413 563 4512 Agr.
597 4437 629 4487 2.

574 4533 641 4610 lllo
677 4535 765 4633 igne
801 4538 1067 4615 conscientiam
1094 4541 1243 4636 generis
1272 4539 1426 4616 humani
1454 4537 1609 4616 abolere

573 4658 858 4735 arbitrabantur.
