3576 5650
1025 601 1042 650 2

464 791 607 866 Kahler
633 807 752 889 putat,
782 791 844 888 qui
872 815 972 864 anno
1007 794 1104 884 1878
1126 790 1198 863 hac
1222 788 1270 862 de
1294 813 1334 861 re
1356 813 1450 886 opus
1476 786 1601 873 edidit,

463 914 566 1012 quod
599 914 826 988 inscribitur:
868 913 958 1007 „das
995 911 1200 1002 Gewissen‚
1229 911 1290 984 die
1318 908 1603 1006 Entwickelung

463 1039 583 1111 seiner
626 1035 775 1109 Namen
817 1035 893 1108 und
928 1035 1049 1108 seines
1087 1031 1277 1132 Begriffes
1316 1031 1444 1106 Erster
1482 1029 1600 1105 Theil.

466 1158 591 1252 Halle,
628 1158 764 1254 1878.'’

517 1283 653 1356 Merito
701 1279 911 1377 Jahnelium
962 1295 1160 1378 oppugnat
1208 1278 1334 1353 dicens
1385 1279 1436 1374 (p.
1488 1279 1597 1373 191):

469 1405 542 1499 „So
580 1406 702 1480 durste
731 1405 826 1478 auch
854 1405 921 1478 der
945 1403 1086 1477 Beweis
1122 1399 1403 1476 abschlieszend
1432 1401 1603 1474 erbracht

470 1529 580 1622 „seim
617 1528 705 1600 dasz
742 1527 887 1626 Begriff
915 1525 992 1598 und
1029 1525 1153 1599 Name
1190 1525 1257 1598 des
1296 1523 1509 1598 Gewissens
1544 1523 1604 1597 bei

470 1652 562 1746 „den
601 1650 806 1723 stihrenden
836 1648 1005 1723 Vblkem
1034 1648 1134 1721 nicht
1162 1649 1231 1721 auf
1253 1648 1340 1722 dem
1370 1645 1497 1744 Wege
1524 1647 1601 1720 wis·
1695 1721 1701 1738 ,

471 1771 793 1866 „senschastlicher
832 1771 1124 1869 Untersuchung
1158 1770 1490 1868 hervorgebracht,
1522 1795 1604 1842 son-

470 1896 583 1990 „dern
613 1895 751 1994 jenseit
784 1895 850 1968 der
887 1892 1182 1992 schulm'aszigen
1220 1891 1518 1966 Schriftstellerei
1555 1893 1605 1964 im

471 2018 636 2112 „Munde
674 2018 741 2092 des
777 2016 921 2091 Volkes
958 2018 1126 2116 geboren
1163 2017 1220 2108 ist,
1251 2015 1327 2089 und
1355 2041 1430 2088 von
1459 2015 1606 2088 hieraus

470 2158 566 2235 „erst
607 2141 667 2214 die
706 2125 1054 2214 Ausmerksamkeit
1089 2140 1197 2238 jener
1235 2139 1368 2212 Kreise
1406 2137 1606 2211 theilweise

470 2265 547 2359 „fiir
585 2265 663 2338 sich
700 2289 909 2363 gewonnen
939 2265 1005 2337 hat
1023 2322 1030 2338 .
1049 2321 1057 2338 .
1076 2321 1109 2338 ..
1140 2263 1194 2336 Es
1221 2261 1268 2334 ist
1297 2260 1396 2334 nicht
1425 2260 1606 2335 ersunden

471 2387 654 2481 „sondem
682 2385 952 2485 gesunden1).’'

519 2509 673 2606 Optime
715 2532 945 2605 quamquam
984 2505 1127 2581 Kbhler
1164 2522 1283 2581 totam
1321 2507 1418 2579 hanc
1448 2504 1606 2602 quaesti-

466 2657 577 2705 onem
615 2645 761 2722 tractat,
802 2627 980 2704 nonnulla
1019 2645 1146 2704 tamen
1183 2630 1218 2703 in
1249 2629 1500 2727 disputatione
1528 2626 1608 2700 eius
1665 2643 1669 2650 “

465 2780 597 2852 parum
640 2769 725 2827 sunt
762 2754 957 2851 perspicua
992 2769 1107 2850 atque
1145 2751 1304 2826 dilucida
1319 2753 1357 2850 Β).
1402 2753 1608 2848 Propterea

467 2877 568 2974 quod
593 2902 783 2973 nunquam
813 2877 861 2949 de
888 2877 1137 2950 conscientiae
1167 2876 1330 2967 notione„
1357 2873 1477 2972 qualis
1501 2873 1608 2950 suerit

466 2999 567 3096 apud
606 2999 811 3090 Romanos,
841 2999 930 3072 satis
958 2998 1111 3096 copiose
1139 3013 1266 3072 actum
1295 3013 1362 3089 est,
1393 2997 1481 3069 mihi
1509 2997 1606 3068 hanc

465 3137 625 3196 tractare
636 3138 691 3195 est
701 3123 943 3220 propositum.
959 3121 1012 3194 Ut
1022 3147 1090 3194 nec
1101 3122 1202 3220 apud
1215 3121 1382 3195 Graecos
1394 3120 1604 3218 quisquam,

467 3247 568 3343 quod
605 3246 732 3337 sciam,
768 3245 816 3318 de
852 3245 1100 3318 conscientiae
1136 3244 1288 3318 notione
1325 3245 1413 3340 egit,
1452 3243 1504 3316 sic
1536 3267 1605 3316 nec

467 3369 640 3459 Romani,
689 3393 847 3465 quorum
898 3368 1087 3463 ingenium
1138 3368 1187 3440 ab
1228 3367 1390 3464 antiquis
1431 3365 1607 3463 tempori-

465 3491 534 3564 bus
570 3490 797 3565 abhorrebat
826 3516 849 3564 a
877 3489 1125 3589 philosophia,
1156 3490 1208 3564 rei
1237 3489 1382 3564 militari
1417 3515 1520 3580 ver0,
1551 3490 1605 3562 rei

466 3612 636 3711 publicae
677 3613 775 3687 bene
817 3614 1112 3706 constituendae,
1155 3615 1221 3688 iuri
1260 3613 1366 3701 civili,
1409 3613 1606 3687 virtutibus

504 3828 529 3896 1)
568 3829 602 3879 ci.
645 3830 691 3879 Dr.
729 3830 771 3879 W.
802 3829 926 3896 Geesink,
962 3830 994 3879 de
1035 3829 1132 3880 Ethiek
1174 3831 1201 3878 in
1245 3830 1277 3879 de
1317 3827 1405 3879 Geref.
1447 3828 1605 3894 Theologie,

466 3916 630 3966 Amsterdam
657 3915 734 3983 1897,
758 3932 784 3980 p.
809 3928 853 3979 19:
879 3917 965 3980 „Deze
988 3916 1042 3966 leer
1066 3932 1118 3966 van
1140 3917 1172 3966 de
1196 3922 1248 3965 wet
1272 3915 1319 3965 der
1338 3922 1432 3964 natuur
1451 3915 1527 3964 vindt
1547 3931 1608 3965 men

467 4003 535 4068 „ook
553 4004 581 4052 iu
601 4003 633 4052 de
652 4003 720 4052 oude
739 4003 907 4068 philosophie
926 4018 958 4052 en
977 4003 999 4052 is
1018 4004 1080 4053 daar
1098 4003 1242 4068 afkomstig
1262 4019 1311 4052 van
1331 4003 1363 4051 de
1382 4002 1450 4052 Stoa.
1477 4003 1514 4066 Zij
1534 4002 1606 4052 heeft

467 4090 633 4154 „aauleidiug
658 4105 775 4155 gegeven
801 4095 839 4139 tot
863 4090 897 4139 de
920 4090 975 4140 leer
1000 4106 1050 4140 van
1074 4091 1119 4140 het
1144 4089 1306 4156 „geweten’',
1324 4090 1373 4140 wel
1394 4105 1456 4139 eens
1476 4090 1606 4154 genoemd

467 4177 539 4241 „de
565 4177 729 4241 ontdekkiug
752 4177 800 4226 der
825 4175 914 4243 Stoa”,
938 4193 981 4228 een
1006 4186 1061 4228 wat
1081 4179 1166 4228 sterke
1185 4178 1368 4244 uitdrukking,
1387 4177 1498 4243 waarbp'
1515 4177 1610 4226 vuoral

468 4265 537 4329 „niet
561 4272 585 4313 te
608 4272 725 4328 vergcten
751 4265 781 4330 is,
807 4264 854 4314 dat
879 4265 909 4314 de
934 4265 1034 4314 mensch
1059 4265 1115 4315 niet
1138 4265 1234 4315 andcrr
1257 4265 1371 4331 ontdekt,
1390 4265 1443 4314 dan
1462 4272 1517 4314 wat
1537 4264 1608 4314 reads

468 4349 610 4415 „bestaat'’.

501 4437 530 4504 2)
554 4437 587 4487 cf.
611 4438 658 4486 Dr.
683 4438 744 4487 Max
769 4438 879 4505 Heium,
901 4439 975 4490 Burs.
990 4439 1137 4504 Jahresber.
1157 4437 1233 4489 Band
1251 4451 1302 4488 21:
1323 4438 1406 4504 „Eine
1426 4438 1512 4504 wenig
1532 4438 1608 4488 iiber·

467 4525 604 4590 „sichtlich
628 4526 683 4575 und
708 4525 793 4590 wenig
817 4525 875 4577 ldar
899 4527 1096 4594 geschriebene,
1120 4529 1183 4577 aber
1200 4526 1247 4577 aui
1263 4542 1382 4592 genauen
1402 4526 1510 4576 Studien
1531 4526 1606 4576 beru·

467 4612 568 4676 „hende
586 4611 705 4665 Arbeit’'.
750 4633 751 4637 ¹
