3528 5644
668 589 740 658 1¹9

144 779 272 878 dagogi
303 779 485 876 suscepit:
515 781 583 854 sed
611 805 736 854 rursus
759 805 926 870 normae,
951 779 1155 852 secundum
1179 803 1273 876 quas

144 901 245 974 vitam
271 901 474 998 disponere
496 902 740 1002 actionesque
760 927 892 1002 regere
913 899 1104 992 volebant,
1125 928 1149 975 a
1171 917 1274 976 recta

141 1024 191 1096 via
231 1023 485 1100 declinabant.
528 1025 791 1100 Conscientiae
833 1041 958 1100 autem
1001 1025 1191 1099 notionem
1228 1049 1275 1098 ea

142 1163 268 1235 aetate,
299 1174 377 1246 qua
405 1147 641 1246 philosophia
670 1173 759 1222 cum·
782 1149 993 1224 Stoicorum
1020 1162 1099 1221 tum
1116 1145 1273 1220 Platoni·

143 1297 258 1344 corum
302 1272 550 1346 recentiorum
592 1272 774 1360 homines,
816 1287 857 1346 ut
895 1271 931 1344 in
966 1295 1007 1344 se
1045 1270 1273 1358 recederent,

143 1394 326 1486 monebat,
376 1394 536 1468 crevisse
582 1409 697 1493 atque
738 1391 1006 1493 amplificatam
1048 1417 1142 1480 esse,
1185 1391 1275 1464 satis

143 1516 345 1612 apparebat
355 1517 392 1614 ¹).

186 1638 262 1712 Sed
285 1638 480 1735 gentilium
505 1639 732 1714 conscientia
755 1637 842 1736 lege
864 1636 1007 1729 morali,
1031 1662 1128 1735 quae
1143 1650 1276 1710 natura

144 1762 334 1863 unicuique
354 1764 463 1838 insita
489 1779 559 1856 est,
590 1764 726 1855 nititur,
750 1763 852 1837 cuius
880 1761 1052 1836 notiones
1080 1761 1131 1834 ita
1145 1760 1276 1857 depra-

143 1901 243 1958 vatae
273 1901 394 1976 erant,
425 1900 465 1959 ut
493 1885 626 1960 Cicero
654 1882 900 1960 exclamaret:
936 1885 998 1976 ,ln
1027 1881 1127 1956 omni
1156 1881 1275 1978 pravi·

149 2021 237 2097 ,tate
261 2008 360 2081 etin
381 2033 529 2082 summa
553 2007 771 2104 opinionum
792 2004 1039 2104 perversitate
1062 2028 1274 2096 versamur,

148 2146 199 2220 ,ut
234 2155 361 2229 paene
398 2156 482 2204 cum
510 2128 608 2205 lacte
637 2129 786 2204 nutricis
815 2153 978 2202 errorem
1006 2126 1147 2201 suxisse
1175 2125 1275 2202 vide·

150 2251 306 2342 ,amur.”
336 2253 464 2350 (Tusc.
494 2254 589 2351 disp.
622 2278 655 2348 3.
692 2253 739 2350 1.)

188 2375 443 2473 Philosophia,
485 2401 585 2474 quae
626 2400 756 2450 veram
798 2373 1068 2447 beatitudinem
1108 2372 1145 2445 in
1186 2371 1275 2445 boni

145 2497 300 2598 malique
338 2499 491 2574 scientia
530 2499 709 2597 ponebat,
747 2525 770 2572 a
803 2497 905 2571 vitae
942 2521 1164 2593 morumque
1191 2494 1277 2569 doc-

145 2620 229 2695 trina
259 2623 296 2696 in
326 2621 443 2697 Sacra
470 2622 661 2720 Scriptura
689 2621 825 2694 tradita
852 2644 1004 2717 prorsus
1027 2618 1274 2716 discrepabat.

189 2744 233 2818 cs.
285 2743 530 2820 Friedl'ander
582 2743 853 2843 ,Sittengesch
907 2740 1051 2815 Roms'’
1099 2768 1135 2839 p.
1177 2747 1275 2836 667:

150 2865 361 2951 „Withrend
402 2868 472 2942 das
512 2866 793 2942 Christenthum
834 2865 896 2939 die
937 2863 1126 2962 Erlbsung
1161 2864 1278 2938 durch

151 2989 235 3078 ,den
289 2989 463 3065 Glauben
513 2990 709 3082 verheiszt,
760 2989 994 3065 verktindete
1043 2987 1104 3062 die
1151 2988 1278 3062 antike

150 3111 403 3211 ,Philosophie
431 3114 492 3189 die
520 3113 722 3214 Belreiung
749 3113 865 3186 durch
894 3112 964 3185 das
993 3109 1182 3185 Wissen.''

191 3235 422 3335 Antiquitas
446 3263 545 3335 quae
567 3236 802 3314 voluntatem
817 3235 1063 3333 depravatam
1078 3258 1160 3306 esse
1175 3233 1278 3329 igno-

146 3358 245 3434 rabat
266 3360 394 3457 itaque
408 3359 668 3434 iustificatione
683 3383 805 3458 neque
821 3357 1113 3432 sanctificatione
1127 3357 1278 3454 egebat,

147 3503 344 3580 numquam
368 3509 458 3558 vere
482 3497 631 3580 pacata,
656 3483 757 3556 bona
783 3481 1008 3555 conscientia
1036 3480 1238 3554 fruebatur.

147 3614 334 3630 ᾓ-ι-

177 3664 201 3732 1)
223 3665 327 3740 Tamen
351 3683 405 3717 non
430 3673 470 3717 est
495 3665 763 3732 praetermittendum,
787 3663 899 3730 Stoicos,
924 3665 968 3730 qui
993 3665 1092 3716 Graece
1119 3665 1281 3730 scripserint,

143 3765 217 3813 paene
232 3755 345 3804 dixerim
360 3754 492 3821 consulto,
507 3771 607 3820 vocem,
624 3770 691 3820 quae
707 3761 746 3804 est
764 3752 916 3816 συνείδησις,
930 3753 1093 3819 neglexisse3
1115 3753 1180 3817 quin
1199 3752 1279 3802 etiam

147 3853 223 3905 neque
240 3841 378 3907 Epictetus
393 3857 480 3908 neque
497 3842 535 3894 M.
546 3843 610 3892 Aur.
621 3840 740 3908 quamvis
751 3839 891 3891 sescenties
900 3839 932 3889 de
943 3839 1118 3890 conscientiae
1128 3839 1154 3888 vi
1163 3845 1280 3904 agentes,

146 3941 248 3992 usquam
260 3927 314 3979 fere
324 3929 408 3995 ipsam
427 3945 526 3996 vocem,
545 3945 612 3996 quae
629 3935 668 3980 est
683 3932 830 4000 συνείδησις,
846 3934 980 3993 usurpant.
992 3927 1128 3993 Epictetus
1147 3941 1171 3976 e.
1181 3943 1206 3992 g.
1216 3925 1281 3976 dicit

148 4011 219 4076 (Diss.
248 4027 271 4080 1,
297 4024 321 4080 5.
346 4014 386 4082 3):
419 4011 523 4082 ,tarent
547 4012 721 4074 ἄπολιθῶσσις,
737 4014 751 4072 ἡ
769 4015 823 4077 μῦν,
841 4015 888 4063 τοῦ
907 4013 1020 4068 νοητικοῦ
1037 4009 1196 4067 asoarium,
1213 4009 1227 4067 *l
1245 4009 1281 4073 di,

149 4101 204 4162 »τοῦ
223 4098 469 4172 ftftffmvffl',
484 4105 579 4172 quibus
598 4122 657 4156 cum
676 4107 760 4157 verbis
779 4106 897 4156 conseras
916 4103 986 4152 Tert.
1006 4101 1038 4152 ad
1058 4101 1119 4152 Nat.
1136 4103 1281 4166 2.1:„Te·

151 4191 255 4250 ,neritas
283 4191 460 4242 conscientiae
485 4193 635 4243 obduratur
661 4193 688 4242 in
708 4193 879 4244 callositatem
898 4189 1039 4240 voluntarii
1058 4187 1178 4238 erroris'’.
1198 4189 1280 4240 Recte

148 4274 281 4329 Bonh'o'ffer
303 4277 368 4328 dicit
389 4275 461 4344 („die
480 4279 561 4329 Ethik
580 4279 625 4329 des
644 4280 761 4346 Stoilrers
780 4276 903 4344 Epictet’
923 4293 950 4341 p.
970 4275 1026 4342 6⁸):
1047 4277 1118 4340 ,Der
1140 4274 1281 4326 Ausdriick

151 4370 188 4426 „ri
204 4367 323 4432 συνειδὸς,
342 4365 387 4414 der
402 4366 458 4416 sich
474 4382 522 4416 nur
537 4367 633 4417 einmal
652 4367 732 4417 findet
750 4366 810 4434 (ΠΙ.
830 4380 872 4417 22.
891 4363 938 4430 94)
1025 4363 1148 4414 bedeutet
1167 4364 1281 4430 weniger

150 4453 203 4513 ,das
222 4454 368 4518 Gewissen‚
387 4452 425 4502 als
444 4452 571 4503 vielmehr
589 4454 636 4504 das
656 4453 927 4518 Selbstbewusstseiu,
942 4452 988 4502 das
1004 4451 1179 4501 Bewusstsein
1196 4451 1281 4502 seines

152 4539 303 4603 ,gittlichen
322 4538 421 4588 Bernfs.
442 4541 493 4588 Am
512 4539 619 4590 ehesten
637 4540 716 4591 deckt
735 4541 791 4591 sich
809 4540 857 4590 mit
875 4539 935 4590 dem
954 4538 1054 4606 Begrifs
1067 4537 1113 4587 des
1125 4536 1283 4604 Gewissens,

151 4627 203 4690 ,das
217 4622 322 4686 αἷδῆμον
344 4625 399 4677 und
414 4621 598 4686 taumatha
