3528 5644
994 559 1045 628 80

491 771 626 868 Neque
660 792 754 842 vero
782 769 979 840 Romanos
1007 761 1144 839 natura
1171 765 1221 838 ad
1248 765 1427 838 iustitiam
1454 764 1586 838 fidem-

437 917 512 990 que
548 890 744 965 colendam
772 886 958 986 proclivos
985 887 1110 978 (uisse,
1140 888 1360 986 negandum
1387 901 1465 980 est3
1493 888 1585 984 quin

436 1017 550 1090 etiarn
584 1011 783 1087 multarum
820 1011 1012 1100 virtutum,
1049 1011 1102 1083 ait
1138 1009 1284 1100 Cicero,
1322 1009 1494 1104 „Romae
1520 1010 1586 1083 de

443 1139 587 1232 „dicata
622 1134 769 1234 publice
804 1132 947 1230 templa
979 1147 1078 1224 sunt,
1116 1147 1158 1207 ut
1194 1131 1268 1222 illa,
1308 1133 1372 1229 qui
1401 1132 1584 1222 habeant,

443 1261 619 1358 „(habent
654 1273 781 1332 autem
818 1282 950 1331 omnes
985 1256 1104 1352 boni),
1132 1255 1226 1328 deos
1252 1255 1356 1352 ipsos
1382 1255 1419 1328 in
1451 1255 1586 1329 animis

442 1383 538 1476 „suis
564 1378 780 1454 conlocatos
807 1378 964 1475 putent”
994 1377 1058 1475 (de
1085 1376 1160 1475 leg.
1195 1403 1228 1449 2.
1261 1379 1340 1474 28.)

491 1504 567 1578 Sed
589 1500 768 1600 paulatim
790 1502 827 1574 in
851 1501 1020 1599 gerenda
1040 1498 1243 1598 republica,
1267 1515 1308 1572 ut
1331 1499 1468 1572 nostris
1490 1512 1584 1572 tern-

437 1627 601 1725 poribus,
629 1625 681 1699 sic
708 1639 833 1699 aetate
859 1625 912 1697 rei
941 1622 1112 1721 publicae
1143 1625 1419 1713 Romanorum,
1444 1620 1584 1694 utilitas

437 1747 689 1846 voluptasque
722 1747 861 1844 primas
897 1762 1024 1844 partes
1062 1747 1295 1836 obtinebant,
1325 1769 1438 1842 quae,
1468 1769 1585 1842 quan-

438 1887 518 1947 tum
542 1897 565 1944 a
587 1868 722 1944 iustitia
742 1868 1175 1966 recedant,-praesertim
1200 1883 1329 1941 nostra
1351 1883 1481 1940 aetate
1502 1865 1586 1940 luce

438 1993 571 2068 clarius
619 2007 687 2066 est.
739 1989 777 2062 A
826 1991 951 2087 pueris
993 1991 1155 2064 Romani
1197 1989 1400 2064 commoda
1440 1990 1587 2087 patriae

439 2117 559 2217 prima
594 2128 728 2213 putare
764 2113 968 2206 discebant,
1008 2113 1122 2211 quod,
1161 2113 1335 2209 quamvis
1371 2113 1492 2209 primo
1520 2111 1587 2186 ob

439 2254 521 2314 tutu
559 2235 847 2334 pulcherrimum
883 2234 1067 2322 videatur,
1102 2235 1268 2308 omnium
1297 2235 1472 2307 vitiorum
1501 2233 1586 2306 fons

438 2363 622 2459 origoque
659 2359 797 2432 factum
835 2373 902 2432 est.
945 2356 1091 2430 Audias
1129 2357 1199 2430 hac
1235 2357 1284 2430 de
1312 2383 1353 2430 re
1381 2354 1584 2431 Schmekel

439 2483 540 2582 (‚,die
578 2479 817 2578 Philosophie
854 2479 921 2554 der
959 2478 1144 2553 mittieren
1178 2478 1294 2553 Stoa”
1326 2478 1450 2553 Berlin
1485 2483 1582 2571 1892

440 2633 477 2704 p.
516 2604 628 2700 441):
673 2600 762 2695 „Als
796 2601 856 2675 die
892 2602 1050 2675 h'dchste
1084 2602 1160 2675 und
1197 2600 1429 2696 unbedingte
1466 2600 1587 2675 Auto-

446 2727 553 2822 „ritat
589 2727 639 2799 im
669 2724 902 2822 practischen
932 2724 1063 2798 Leben
1092 2722 1173 2821 galt
1201 2724 1288 2798 dem
1317 2724 1453 2797 echten
1482 2722 1585 2798 alten

444 2851 609 2946 „Rdmer
636 2848 704 2920 das
732 2846 1000 2945 Staatswohl1)
1018 2907 1024 2920 .
1045 2907 1052 2921 .
1072 2905 1107 2920 ..
1136 2848 1228 2920 aber
1256 2871 1364 2919 wenn
1393 2847 1490 2920 auch
1517 2845 1589 2920 der

443 2971 677 3070 „Egoismus
713 2967 872 3042 welcher
907 2969 943 3041 in
981 2969 1102 3042 dieser
1134 2967 1393 3065 unbedingten
1421 2968 1498 3042 und
1529 2969 1583 3040 in-

443 3091 759 3190 „diskutierbaren
782 3091 974 3164 Autoritat
994 3091 1062 3165 des
1077 3088 1351 3164 Staatswohles
1379 3088 1456 3189 lag,
1484 3091 1588 3165 nicht

445 3215 683 3312 „notwendig
720 3213 781 3288 die
817 3212 990 3287 Grenzen
1029 3214 1131 3289 einer
1159 3213 1356 3311 gesunden
1387 3212 1512 3287 Moral
1541 3241 1588 3288 zu

445 3337 743 3436 „tiberschreiten
770 3336 962 3428 brauchte,
988 3362 1031 3410 so
1056 3334 1121 3434 lag
1142 3336 1240 3409 doch
1255 3336 1316 3410 die
1332 3334 1477 3410 Gefahr
1490 3337 1589 3411 dazu

449 3456 811 3556 „ausserordentlich
840 3456 976 3532 nahe.’'

496 3581 707 3680 Imperandi
759 3581 921 3655 studium
972 3605 1096 3654 mores
1139 3581 1261 3654 bonos
1302 3582 1589 3678 corrumpebat3

447 3704 581 3802 „Nulla
629 3720 687 3779 est
723 3719 801 3778 tam
838 3702 951 3777 stulta
994 3702 1147 3776 civitas'’
1192 3702 1244 3775 ait
1282 3701 1414 3777 Cicero
1466 3731 1591 3802 „quae

446 3855 544 3926 „non
571 3828 704 3902 iniuste
745 3826 929 3924 imperare
971 3823 1074 3900 malit
1115 3850 1230 3923 quam
1271 3824 1412 3898 servire
1452 3825 1588 3902 iuste.”

440 3954 558 4053 (Rep.
591 3975 624 4046 3.
656 3976 687 4025 c.
724 3950 796 4046 18).

479 4137 506 4204 1)
539 4135 572 4186 cf.
611 4134 667 4184 Cic.
695 4133 764 4198 Rep.
789 4144 811 4210 1.o
839 4145 862 4180 c.
891 4127 940 4193 48:
962 4129 1030 4194 „Sed
1048 4130 1172 4196 quoniam
1193 4130 1304 4197 plurima
1321 4130 1449 4182 beneficia
1471 4129 1593 4180 continet

443 4223 545 4290 „patria
570 4228 597 4272 et
622 4227 661 4271 est
687 4219 818 4284 antiquior
842 4232 937 4282 parens
962 4217 1080 4282 quamsi
1100 4218 1146 4283 qui
1167 4217 1308 4268 curaverit:
1328 4219 1411 4268 maior
1429 4216 1508 4281 igitur
1528 4232 1590 4281 pro·

442 4307 528 4375 „secto
550 4308 584 4375 ei,
609 4322 688 4372 quarn
712 4304 815 4370 parenti
840 4303 950 4354 debetur
976 4302 1084 4369 gratia’'.
1101 4305 1238 4355 Praeterea
1252 4304 1286 4354 cf.
1302 4306 1367 4354 Luc.
1387 4301 1590 4353 Phars.1.181:

630 4407 717 4472 „Hinc
735 4421 812 4456 usura
829 4421 917 4468 vorax,
936 4405 1093 4471 avidumque
1110 4405 1139 4456 in
1159 4413 1276 4471 tempore
1298 4405 1390 4456 foenus

629 4495 681 4560 „Et
698 4508 825 4543 concussa
843 4492 906 4544 fides
926 4499 952 4543 et
970 4493 1058 4543 multis
1077 4493 1142 4544 utile
1161 4491 1287 4543 bellum.’'

470 4598 574 4650 Deinde
593 4598 627 4648 cf.
644 4596 707 4648 Sall.
723 4595 781 4646 Cat.
797 4596 822 4646 6.
839 4608 870 4663 33
888 4597 943 4646 Iuv.
960 4595 1014 4647 Sat.
1030 4610 1054 4649 2.
1071 4596 1097 4646 6.
1114 4595 1266 4660 298-299.
