3528 5644
780 577 826 666 ⁶5

230 778 379 880 Clercq,
407 779 466 855 les
491 781 655 858 Pontiles
682 809 719 881 p.
756 785 817 881 19)
847 783 1028 859 Romanis
1056 786 1225 861 habenas
1251 787 1369 862 immi·

229 920 359 978 serunt
373 903 413 1003 ¹).

285 1026 421 1124 Neque
445 1025 644 1123 periurium
668 1042 760 1116 erat,
785 1025 815 1100 si
839 1027 921 1124 quis
944 1029 1198 1127 praedonibus
1211 1031 1372 1128 pretium

229 1147 467 1222 iureiurando
495 1174 564 1247 pro
592 1149 714 1246 capite
741 1165 893 1249 pactum
922 1176 997 1224 non
1025 1150 1220 1228 attulisset.
1248 1153 1373 1243 „Nam

235 1270 379 1368 „pirata
416 1295 490 1344 non
526 1287 584 1346 est
621 1297 667 1345 ex
703 1270 948 1369 perduellium
984 1299 1141 1348 numero
1177 1275 1373 1368 definitus3

234 1394 324 1483 „sed
376 1394 583 1468 communis
632 1394 794 1469 hostium
835 1397 1022 1470 omnium:
1065 1423 1150 1472 cum
1192 1399 1264 1472 hoc
1305 1423 1374 1474 nec

234 1515 352 1604 „fides
388 1515 503 1590 debet
539 1541 608 1590 nec
643 1517 897 1592 iusiurandum
931 1544 1015 1594 esse
1043 1545 1253 1596 commune.
1286 1520 1374 1596 Non

235 1638 357 1727 „enim
402 1636 536 1712 falsum
578 1640 699 1714 iurare
735 1641 925 1738 periurare
961 1659 1030 1734 est,
1068 1643 1148 1734 sed,
1188 1644 1290 1740 quod
1327 1669 1374 1718 ex

234 1761 371 1850 „animi
385 1762 438 1835 tui
452 1761 638 1836 sententia
651 1762 792 1856 iurariS,
808 1764 901 1838 sicut
915 1764 1039 1839 verbis
1053 1765 1258 1862 concipitur
1268 1790 1373 1839 more

236 1899 399 1977 „nostro
427 1884 465 1958 id
493 1909 568 1958 non
597 1885 732 1977 facere,
761 1886 962 1984 periurium
990 1887 1084 1962 est.'’
1115 1888 1206 1986 (Cic.
1236 1888 1286 1962 de
1309 1887 1372 1962 off.

235 2029 294 2100 „3.
330 2027 415 2101 107,
450 2009 549 2105 108).

285 2129 505 2204 Praesertim
531 2129 721 2204 Ciceronis
744 2131 987 2228 temporibus,
1012 2157 1096 2206 cum
1121 2131 1225 2207 multi
1251 2131 1374 2229 „parci

234 2251 412 2340 „deorum
440 2250 601 2327 cultores
628 2267 667 2328 et
686 2252 953 2351 infrequentis’'
977 2270 1096 2346 erant,
1120 2253 1250 2354 religio
1273 2254 1375 2329 iuris-

232 2373 374 2448 iurandi
411 2375 561 2473 saepius
594 2373 805 2449 violabatur
841 2391 957 2474 atque
993 2376 1276 2475 interpretando
1304 2377 1373 2451 sibi

230 2497 387 2595 quisque
416 2497 669 2572 iusiurandum
684 2499 712 2596 8)
741 2513 779 2571 et
805 2495 911 2597 leges
939 2513 1048 2596 aptas
1073 2500 1235 2574 faciebat
1257 2515 1373 2598 atque

229 2615 357 2718 lingua
412 2621 570 2712 iurabat,
618 2629 774 2694 mentem
819 2647 905 2695 vero
947 2622 1161 2697 inz'uratam
1199 2623 1369 2723 gerebat.

231 2741 357 2836 Quam
386 2744 544 2818 obrem
574 2743 705 2817 Cicero
734 2742 934 2842 pluresque
962 2743 1023 2818 alii
1050 2770 1166 2844 saepe
1191 2744 1374 2820 Romanis
1443 2793 1447 2802 ·

230 2863 433 2964 imaginem
471 2865 700 2964 antiquitatis
737 2864 1026 2964 exemplumque
1061 2868 1205 2966 imperii
1234 2867 1372 2943 veteris

229 2990 502 3086 proponebant.
527 2988 587 3061 Ex
611 2986 735 3063 multis
759 2987 988 3063 mirabilibus
1002 2988 1183 3088 exemplis
1199 2987 1369 3088 Regulus

231 3135 254 3183 a
296 3111 477 3185 Cicerone
516 3111 726 3201 assumitur,
770 3137 845 3209 quo
888 3111 1062 3211 exemplo
1105 3113 1228 3202 „haud
1265 3111 1372 3186 facile

231 3235 313 3331 quis
350 3234 482 3309 dixerit
518 3250 584 3308 aut
613 3233 846 3326 laudabilius
876 3251 942 3310 aut
969 3234 1246 3334 praestantius”
1276 3234 1369 3331 (Cic.

114 3407 121 3416 -
231 3355 280 3429 de
306 3356 369 3432 off.
403 3380 436 3451 3.
472 3359 571 3455 110).

284 3479 395 3573 Quae
432 3479 534 3576 apud
572 3479 792 3554 Ciceronem
830 3479 878 3553 de
916 3478 1068 3578 Regulo
1104 3477 1290 3577 leguntur,
1320 3479 1371 3553 di-

231 3601 411 3698 gnissima
437 3617 534 3695 sunt,
564 3628 663 3701 quae
689 3603 1047 3678 animadvertantur.

289 3725 436 3814 „Nam”
472 3725 591 3823 inquit
631 3726 756 3824 „quod
793 3725 912 3813 rediit,
950 3726 1053 3800 nobis
1080 3752 1179 3799 nunc
1206 3723 1373 3800 mirabile

267 4100 295 4168 2)
319 4101 352 4152 cf.
371 4099 477 4151 Boucbt
496 4098 521 4150 le
541 4098 645 4166 Clercq‚
663 4097 702 4148 les
720 4096 847 4162 Pontifes,
866 4111 893 4161 p.
922 4107 967 4159 19:
995 4094 1110 4160 „Toutes
1134 4093 1173 4145 les
1198 4093 1258 4162 fois,
1277 4109 1329 4160 que
1348 4094 1375 4146 la

232 4188 358 4256 „religion
386 4189 421 4238 du
449 4193 562 4238 serment
590 4184 798 4252 compromettait
825 4183 872 4233 des
899 4182 1008 4233 iuterets
1034 4182 1066 4232 de
1090 4182 1117 4232 la
1142 4181 1308 4248 republique,
1335 4181 1374 4232 les

232 4275 364 4342 „Pontifes
383 4275 480 4326 scirent
499 4285 602 4324 trouver
621 4273 667 4322 des
687 4267 913 4337 §chappatoires'fi

270 4363 405 4413 Praeterea
418 4361 451 4412 cf.
468 4362 551 4427 Danz,
566 4359 613 4410 der
629 4359 731 4409 Sacrale
744 4356 847 4421 Schutz,
873 4372 900 4422 p.
925 4369 973 4420 99:
994 4355 1067 4419 „Nur
1082 4355 1128 4405 das
1145 4360 1286 4420 gesammte
1304 4353 1376 4404 Volk

231 4450 303 4516 „und
321 4450 392 4500 Heer
409 4448 481 4499 kann
501 4463 547 4498 aus
565 4447 644 4498 leicbt
665 4443 847 4496 erkltrlichem
868 4442 985 4508 Grunde,
1003 4440 1070 4492 auch
1080 4439 1319 4507 wennerprudens
1331 4441 1374 4490 ein

231 4538 383 4605 „Piaculum
401 4535 576 4600 committirte,
596 4532 696 4599 expiirt
715 4528 849 4581 werden”.

268 4623 296 4692 3)
313 4624 347 4675 cf.
366 4623 424 4674 Liv.
446 4634 470 4690 3,
489 4635 533 4673 20.

1241 4725 1256 4781 ⁵
