3528 5644
982 620 1052 671 102

452 820 653 906 „constane
672 813 914 908 sempiterne,
931 835 1029 908 quae
1043 825 1153 884 vocet
1168 810 1218 884 ad
1233 808 1396 885 officium
1411 808 1586 901 iubend0‚

451 936 638 1029 „vetando
670 959 694 1008 a
721 934 851 1008 [raude
880 932 1105 1008 deterreat.'’
1136 933 1194 1030 (ct.
1215 933 1294 1008 Cic.
1311 933 1406 1030 Rep.
1425 957 1459 1026 3.
1476 959 1508 1007 e.
1528 956 1587 1004 22.

447 1080 508 1154 ap.
539 1059 645 1133 Lact.
677 1057 795 1132 Instit.
827 1061 862 1130 6.
894 1057 945 1152 8.)

499 1179 632 1254 Cicero
673 1180 795 1276 igitur,
839 1179 1102 1252 conscientiam
1144 1177 1315 1252 stabilem
1359 1178 1496 1270 dicens,
1539 1176 1589 1252 ad

447 1301 543 1377 hanc
567 1312 791 1378 constantem
809 1303 1148 1399 sempiternamque
1162 1300 1287 1399 legem
1302 1316 1474 1400 spectare
1487 1299 1588 1373 vide-

447 1441 518 1517 tur,
549 1449 624 1524 qua
652 1425 902 1500 conscientiae
930 1425 1103 1498 iudicium
1131 1424 1267 1498 nititur.

500 1549 633 1645 Itaque
661 1549 790 1637 verba,
819 1574 919 1646 quae
946 1561 1032 1622 sunt
1055 1537 1198 1622 stabilis
1218 1546 1457 1636 conscientia,
1481 1544 1589 1644 legio

445 1668 573 1745 latoris
614 1695 768 1745 munere
809 1671 914 1766 iungi
950 1669 1040 1743 mihi
1077 1668 1250 1742 videntur
1287 1668 1370 1767 (das
1402 1693 1589 1766 vorange-

446 1793 581 1886 hende,
610 1793 915 1892 gesetzgebende
944 1793 1163 1890 Gewissen).
1189 1791 1342 1867 Stabilis
1365 1791 1591 1865 conscientia

447 1941 522 1990 non
560 1931 618 1990 est
654 1915 942 2004 contemnenda,
973 1941 1097 2012 neque
1134 1915 1236 1990 sama
1269 1929 1327 1989 est
1354 1913 1588 2011 aucupanda.

501 2037 740 2114 Conscientia
768 2040 863 2112 duce
891 2039 970 2111 vita
997 2038 1220 2136 paragenda
1246 2052 1314 2111 est.

500 2159 778 2235 Conscientiam
817 2185 1101 2257 nonnumquam
1132 2159 1233 2256 apud
1263 2158 1485 2232 Ciceronem
1513 2157 1590 2232 vim

450 2280 675 2380 legislatoris
712 2282 853 2357 habere
887 2297 926 2355 et
952 2280 1033 2355 aliis
1061 2307 1108 2356 ex
1135 2279 1226 2355 loeis
1253 2294 1413 2379 apparet
1440 2280 1484 2354 cs.
1511 2280 1588 2357 Cic.

452 2406 534 2480 Att.
569 2429 627 2501 13.
660 2429 741 2480 20.:

505 2527 588 2620 ,De
622 2528 724 2602 fama
752 2526 840 2601 nihil
868 2552 960 2602 sane
987 2525 1171 2603 laboro..
1191 2586 1226 2600 ..
1258 2527 1463 2600 curandum
1492 2525 1590 2600 enim

452 2674 549 2743 „non
588 2663 656 2724 est.
687 2649 817 2748 Atque
845 2650 938 2724 hoc:
967 2649 1004 2723 in
1033 2649 1134 2724 omni
1157 2647 1236 2723 vita
1263 2672 1331 2723 sua
1355 2673 1544 2746 quemque
1566 2675 1590 2723 a

453 2787 577 2866 „recta
618 2772 844 2847 conscientia
880 2789 1090 2846 traversum
1127 2797 1293 2871 unguem
1328 2795 1403 2846 non
1439 2786 1589 2869 oportet

451 2893 684 2988 „discedere3
713 2893 837 2969 viden’
867 2920 982 2992 quam
1010 2893 1238 2998 φιλοσόφωςἻ

499 3017 670 3110 Locutio,
713 3042 812 3115 quae
853 3031 911 3090 est
952 3031 1055 3091 recta
1095 3017 1333 3108 conscientia,
1377 3042 1452 3091 non
1491 3016 1590 3090 idem

445 3139 630 3238 significat
653 3155 779 3238 atque,
809 3141 931 3234 „bona
945 3139 1208 3214 conscientia.’'
1227 3140 1346 3214 Recta
1361 3139 1586 3214 conscientia

448 3262 497 3336 ad
526 3263 681 3338 easdem
704 3287 857 3337 normas
880 3263 1066 3360 pertinere
1090 3262 1178 3335 mihi
1200 3263 1359 3355 videtur,
1384 3262 1591 3361 dequibus

445 3385 633 3484 Vergilius
661 3386 760 3460 canit
788 3384 903 3483 (Aen.
939 3410 969 3459 1.
1002 3391 1089 3479 603.
1121 3387 1236 3483 604):

558 3508 630 3601 ¹‚Di
658 3507 736 3596 tibi,
764 3508 794 3581 si
818 3534 894 3605 qua
917 3507 999 3605 pios
1022 3522 1235 3605 respectant
1258 3507 1423 3600 numina,
1447 3508 1477 3581 si
1502 3506 1591 3606 quid

558 3628 752 3727 „Usquam
776 3630 913 3705 iustitia
935 3645 993 3704 est
1005 3646 1051 3710 ,et
1073 3655 1176 3704 mens
1199 3630 1274 3704 sibi
1291 3631 1433 3704 conseia
1457 3627 1588 3704 recti.''

501 3749 645 3826 Kahler
681 3767 811 3827 eontra
838 3767 876 3825 et
902 3752 962 3825 hic
990 3767 1028 3826 et
1055 3750 1147 3843 aliis,
1178 3777 1274 3849 quos
1301 3749 1465 3841 laudavi,
1494 3750 1586 3826 locis

446 3873 494 3948 de
529 3874 756 3949 conscientia
793 3875 992 3972 imperanti
1028 3873 1110 3966 dici,
1140 3889 1267 3972 negat.
1304 3875 1431 3969 „Weit
1459 3872 1588 3967 eher‚''

445 3997 564 4095 inquit
598 3999 646 4095 (o.
683 3995 706 4072 l.
745 4023 782 4094 p.
825 4000 890 4096 63)
935 3998 1098 4091 „konnte
1137 4023 1224 4072 man
1261 3997 1389 4072 diesen
1418 3997 1510 4072 Sinn
1540 3998 1590 4072 da

451 4118 610 4213 „finden
648 4144 708 4192 wo
747 4119 880 4194 Cicero
918 4119 978 4194 die
1015 4121 1256 4219 Zumuthung
1284 4120 1351 4194 der
1379 4119 1590 4217 Epikureer

453 4237 638 4334 „ablehnt,
685 4240 746 4315 die
791 4240 925 4338 eigene
971 4240 1113 4317 stabilis
1157 4242 1382 4317 conscientia
1423 4268 1487 4315 um
1524 4241 1591 4317 der

452 4385 601 4454 „errans
636 4363 763 4460 opinio
801 4366 959 4438 anderer
988 4363 1108 4438 willen
1138 4365 1254 4439 daran
1283 4392 1327 4438 zu
1355 4365 1491 4464 geben.
1522 4365 1589 4439 Be·

452 4482 602 4577 „deutet
642 4484 740 4558 doch
782 4485 843 4560 bei
884 4486 961 4560 ihm
996 4485 1122 4586 opinio
1159 4486 1256 4561 auch
1295 4487 1368 4561 den
1406 4485 1588 4562 sittlichen

450 4603 652 4700 ,Irrthum3
695 4606 771 4681 und
807 4607 1048 4707 demgemasz
1085 4609 1253 4686 versteht
1292 4610 1337 4684 R.
1379 4609 1589 4686 Hoffmann
