3576 5650
457 759 564 837 Verr.
597 785 630 856 3.
668 782 751 854 130.

445 883 456 900 ‘
562 883 659 956 Cum
708 881 786 956 eius
826 879 992 954 animum
1033 878 1259 954 conscientia
1299 877 1449 954 sceleris
1478 940 1486 954 .
1520 942 1527 954 .
1559 943 1568 955 .
1599 943 1608 958 .

563 1004 796 1104 refrenaret.

455 1142 562 1219 Verr.
595 1167 629 1239 5.
663 1163 723 1238 73.

563 1265 802 1341 Conscientia
830 1260 978 1338 sceleris
1004 1264 1200 1339 excitatus.

458 1405 534 1478 Cic.
566 1403 714 1478 Cluent.
747 1407 808 1499 38.

565 1527 741 1640 Recentis
770 1524 939 1600 maleficii
967 1523 1204 1601 conscientia.

459 1648 605 1725 Cluent.
639 1656 700 1744 56.

566 1785 695 1862 Voluit
715 1811 958 1886 cognoscere,
988 1811 1035 1859 an
1065 1786 1179 1861 etiam
1207 1783 1359 1859 consilia
1383 1786 1606 1860 conscienti-

566 1923 683 2008 asque
724 1910 803 1985 eius
846 1909 947 1984 modi
989 1909 1194 1983 facinorum
1234 1907 1416 2006 supplicio
1463 1909 1605 2008 dignas

565 2033 781 2109 iudicarent.

363 2171 366 2180 ’
459 2172 544 2247 Cat.
580 2199 610 2247 1.
647 2193 704 2267 17.
753 2227 757 2236 .

566 2295 661 2370 Cum
678 2294 904 2369 conscientia
916 2291 1096 2368 scelerum
1107 2307 1255 2367 tuorum
1270 2317 1457 2391 agnoscas
1471 2293 1603 2368 odium

565 2418 713 2492 iustum.

460 2582 529 2654 pro
557 2557 673 2630 domo
696 2577 764 2650 95.

566 2679 763 2754 Peccatine
790 2677 1016 2752 conscientia
1044 2704 1105 2751 me
1133 2676 1366 2776 profugisse?

461 2818 532 2894 Pis.
565 2843 626 2914 39.

566 2939 804 3014 Conscientia
833 2964 1035 3036 oppressus
1064 2935 1257 3013 scelerum.

459 3081 530 3155 Pis.
562 3105 624 3176 43.

566 3203 795 3276 infrenatum
825 3201 1050 3276 conscientia
1078 3200 1272 3276 scelerum.

459 3352 539 3423 pro.
572 3323 650 3398 Mil.
683 3331 744 3418 64.

566 3462 677 3556 Quae
697 3463 866 3560 quemvis
881 3463 1122 3537 mediocrium
1138 3462 1357 3538 delictorum
1373 3461 1604 3538 conscientia

567 3582 820 3681 perculissent.

460 3706 551 3782 Phil.
586 3731 617 3782 2.
654 3710 714 3782 88.

566 3831 677 3926 Quae
700 3845 854 3929 propter
882 3831 1145 3906 conscientiam
1174 3829 1354 3906 scelerum
1384 3832 1601 3929 desperatio

563 3953 676 4028 vitae.

459 4074 549 4149 Phil.
583 4097 616 4170 5.
653 4098 710 4171 15.

565 4197 805 4272 Conscientia
833 4196 1112 4274 maleficiorum.

459 4320 593 4394 Parad.
625 4345 659 4413 4.
1435 4411 1438 4419 .

567 4441 676 4516 Alius
703 4459 760 4516 est
787 4445 960 4518 dominus
991 4460 1143 4519 exortus
1178 4471 1224 4520 ex
1263 4445 1488 4520 conscientia
1517 4470 1603 4544 pec-

566 4578 747 4658 catorum,
779 4567 905 4641 timor.
