3554 5644
743 603 791 674 45

206 841 289 914 VII
321 841 564 931 Conscientia,
603 842 667 913 cui
695 842 894 914 adduntur
931 843 1058 915 adacct.
1100 842 1249 936 „mala”
1279 845 1341 917 vel

261 963 428 1060 „prava”
444 965 505 1036 vel
521 961 704 1059 „spurca”
720 966 782 1037 vel
797 963 995 1057 „sordida”
1012 967 1074 1038 vel
1089 965 1263 1059 „noxz‘cc''.

193 1087 256 1183 zlq.
276 1087 462 1182 (proprie)
482 1112 544 1159 een
567 1095 678 1160 walen
702 1079 913 1178 vlhslcclcte,
930 1114 991 1161 cen
1006 1089 1258 1181 slcclctwelcn,
1273 1116 1335 1163 cen

241 1209 374 1283 slachte
397 1210 660 1307 lterz'nnering‚
684 1210 814 1283 deinde
823 1241 834 1283 .·
862 1237 923 1283 een
947 1211 1063 1284 sleclzt
1077 1220 1238 1309 gewctcn
1253 1212 1291 1308 ¹).
1325 1201 1327 1206 ¹

192 1376 281 1452 Sall.
312 1377 353 1451 B.
381 1377 466 1474 Jug.
499 1383 561 1452 62.
594 1383 628 1452 8.

300 1501 479 1596 Iugurtha
514 1501 673 1599 igitur..
694 1560 728 1575 ..
759 1528 806 1576 ex
837 1500 936 1575 mala
963 1501 1190 1576 conscientia
1218 1502 1334 1600 digna

299 1624 441 1697 timere.

192 1744 296 1818 Publ.
329 1744 409 1841 Syr.
441 1745 542 1842 App.
580 1771 637 1839 14.

301 1867 519 1964 Numquam
549 1894 679 1942 secura
708 1883 763 1942 est
791 1894 910 1965 prava
939 1869 1177 1943 conscientia.

190 1991 280 2066 Sen.
310 1991 381 2086 Ep.
419 2016 475 2064 12.

299 2112 412 2206 Quod
440 2110 500 2185 ille
529 2138 575 2186 ex
605 2110 704 2186 mala
732 2112 960 2186 conscientia
987 2111 1158 2201 faciebat,
1188 2138 1257 2186 nos
1286 2139 1332 2186 ex

298 2234 400 2308 bona
427 2234 619 2309 faciamus.

189 2357 263 2456 Ep.
294 2382 356 2451 43·

298 2479 405 2553 Bona
441 2480 667 2553 conscientia
695 2480 843 2553 turbam
872 2481 1055 2572 advocat3
1086 2481 1189 2553 mala
1218 2481 1330 2555 etiam

297 2603 333 2675 in
362 2600 560 2676 solitudine
589 2603 699 2676 anxia
727 2619 765 2678 et
793 2601 949 2677 sollicita
977 2621 1045 2680 est.
1297 2611 1300 2618 '

189 2724 263 2824 Ep.
300 2747 384 2820 105.
704 2739 708 2744 '

298 2847 437 2936 Tutum
467 2846 592 2945 aliqua
624 2873 683 2923 res
717 2849 753 2921 in
775 2847 875 2922 mala
899 2851 1125 2924 conscientia
1154 2865 1330 2949 praestat,

283 2968 398 3043 nulla
423 2996 617 3044 securum.
637 3030 644 3044 .
664 3029 671 3044 .
691 3031 698 3044 .
728 2986 766 3044 et
790 2970 885 3045 inter
907 2993 1061 3046 somnos
1085 2988 1257 3046 movetur
1281 2990 1331 3064 et,

298 3094 472 3189 quotiens
495 3091 646 3168 alieuius
670 3091 791 3168 scelus
814 3091 989 3191 loquitur,
1014 3095 1062 3168 de
1085 3121 1153 3169 suo
1177 3095 1331 3194 cogitat.

189 3216 262 3313 Ep.
300 3241 383 3291 122.

298 3339 374 3413 Sed
408 3339 495 3436 quia
524 3339 611 3413 nihil
639 3339 744 3413 iuvat
771 3337 961 3436 publicum
989 3356 1027 3414 et
1054 3340 1181 3439 gravis
1210 3339 1333 3414 malae

298 3463 548 3537 conscientiae
596 3461 659 3536 lux
708 3478 766 3537 est
809 3479 847 3536 et
889 3463 1016 3537 omnia
1057 3463 1333 3561 concupiscenti

298 3602 362 3659 aut
390 3587 665 3660 contemnendi.

133 3752 136 3758 ·
191 3708 283 3782 Ben.
317 3733 351 3804 3.
388 3735 418 3783 1.

298 3833 445 3906 Tamen
483 3832 623 3906 debent
660 3849 699 3907 et
733 3848 856 3906 exstat
893 3834 994 3930 apud
1022 3829 1104 3906 illos
1132 3831 1331 3929 vestigium

194 4018 382 4028 *-

230 4111 255 4178 1)
281 4111 314 4160 cf.
341 4110 448 4176 Kthler,
474 4109 520 4159 das
548 4109 693 4176 Gewissen,
715 4127 742 4176 p.
766 4110 810 4176 46,
829 4120 878 4172 47:
903 4109 984 4174 „Rutt
1006 4125 1061 4158 nun
1082 4108 1199 4158 derselbe
1221 4109 1332 4176 Numen,

191 4203 284 4263 „unter
308 4197 368 4246 dem
392 4213 453 4248 man
476 4196 537 4260 jene
562 4196 707 4245 urteilende
733 4198 891 4261 Bezeugung
916 4211 946 4244 zu
970 4195 1106 4245 verstehen
1132 4195 1187 4244 sich
1209 4195 1333 4259 gewbhnt

192 4285 263 4351 „hat,
281 4285 374 4334 immer
392 4285 458 4333 auch
477 4284 568 4333 seinen
588 4283 806 4348 urspriinglichen
826 4284 900 4349 Sinn,
920 4283 970 4332 den
991 4283 1036 4332 der
1051 4283 1123 4332 blosz
1139 4281 1332 4336 festhaltenden

191 4373 365 4437 „Bezeugung
390 4387 437 4420 vor
461 4371 503 4420 die
522 4370 606 4436 Seele,
625 4369 694 4418 dann
714 4370 779 4435 liegt
797 4370 843 4419 der
861 4370 1017 4435 Uebergang
1036 4385 1096 4418 vom
1116 4369 1331 4434 qualificirenden

192 4458 308 4524 „Urteile
334 4475 364 4507 zu
390 4459 449 4508 dem
473 4457 681 4522 abspiegelnden
706 4457 867 4506 Bewustsein
892 4457 960 4506 nahe
986 4473 1081 4521 genug.
1193 4458 1249 4506 Der
1272 4472 1333 4506 vom

191 4546 299 4611 „klaren
320 4545 426 4610 Spiegel
445 4561 476 4594 zu
496 4544 619 4594 Gesichte
639 4544 778 4609 gebrachte
798 4543 879 4593 Fleck
898 4543 1037 4609 erscheint‚
1053 4543 1091 4592 als
1107 4545 1134 4593 in
1150 4545 1210 4594 dem
1226 4543 1332 4610 Spiegel

192 4632 259 4698 „fest
277 4631 415 4682 haitender
435 4630 525 4697 Fleck,
543 4630 655 4680 befleckt
675 4629 748 4680 ihn'’.
