3576 5650
994 509 1042 580 ²4

447 700 544 778 Veii.
576 702 656 777 Pat.
690 727 723 776 2.
755 708 817 775 62.

555 824 756 901 Plurimum
792 823 860 899 sibi
898 824 1050 898 honoris
1086 849 1169 898 esse
1197 823 1232 896 in
1261 801 1486 897 conscientia
1513 823 1582 897 fac-

553 965 580 1022 tt
608 975 676 1022 sul.

448 1086 607 1161 Phaedr.
641 1111 673 1160 2.
705 1084 789 1183 epil.
827 1109 883 1159 11.

556 1209 644 1282 Non
673 1207 768 1282 livor
796 1205 926 1305 eripiet
953 1204 1074 1280 laudis
1102 1204 1377 1280 conscientiam.

449 1345 536 1420 Sen.
568 1347 660 1421 Ben.
693 1370 727 1440 3.
763 1365 821 1440 17.

557 1468 640 1542 Urit
661 1466 764 1542 illum
782 1482 820 1542 et
834 1467 940 1566 angit
955 1466 1149 1563 intercepti
1163 1465 1331 1540 beneficii
1347 1467 1581 1542 conscientia.

447 1607 537 1682 Ben.
569 1632 605 1700 4.
641 1631 699 1680 11.

557 1729 637 1803 Nos
665 1729 768 1803 iuvat
796 1726 928 1802 sterilis
957 1727 1126 1802 beneficii
1155 1727 1391 1802 conscientia.

365 1907 371 1924 ·
450 1868 541 1941 Ben.
575 1872 610 1940 6.
640 1890 704 1959 42.

558 1989 609 2063 Et
644 2015 691 2064 ex
728 1987 956 2063 conscientia
993 1987 1071 2062 veri
1108 1987 1245 2062 amoris
1281 1987 1431 2061 dimissa
1468 1987 1587 2061 omnis

557 2113 738 2187 anxietas.
846 2123 852 2134 '
1119 2098 1128 2116 ⁸

450 2250 521 2349 Ep.
555 2272 615 2345 59·

559 2373 645 2447 Hoc
683 2371 862 2471 gaudium
906 2397 982 2446 non
1019 2371 1192 2464 nascitur,
1232 2371 1299 2445 nisi
1329 2397 1376 2444 ex
1411 2371 1588 2444 virtutum

557 2495 793 2571 conscientia.

451 2634 522 2734 Ep.
555 2639 616 2710 81.

558 2759 657 2832 Rem
697 2814 731 2831 ..
751 2814 785 2830 ..
824 2752 1134 2830 inaestimabilem
1149 2835 1155 2848 ,
1172 2769 1393 2829 consecutus
1422 2780 1473 2847 es,
1503 2781 1589 2828 con-

557 2879 751 2954 scientiam
779 2879 888 2976 grati.

452 3018 537 3110 Val.
569 3020 672 3092 MaX.
705 3043 738 3113 3.
773 3038 805 3112 7.
908 3115 912 3122 Ι

559 3141 753 3215 Fiduciam
781 3139 1008 3214 conscientia
1032 3136 1094 3212 illa
1117 3139 1231 3230 dedit,
1257 3164 1332 3236 qua
1356 3137 1590 3228 meminerat,

559 3287 692 3336 omnes
718 3260 825 3360 leges
853 3287 876 3335 a
904 3287 946 3336 se
973 3286 1056 3336 esse
1084 3275 1263 3335 servatas.

452 3365 537 3474 Val.
570 3401 672 3475 Max.
705 3403 738 3472 8.
775 3426 805 3474 1.

561 3522 680 3621 Virgo
718 3521 892 3615 Vestalis
931 3547 1030 3619 quae
1063 3521 1288 3596 conscientia
1317 3536 1418 3595 certa
1446 3520 1594 3594 sinceri-

560 3645 647 3719 tatis
674 3670 776 3719 suae.

455 3784 609 3881 Quintil.
642 3785 729 3860 lnst.
761 3783 827 3858 Or.
864 3807 921 3858 12.
954 3804 987 3876 5.

562 3906 753 3981 Imbecilla
782 3907 883 3980 frons
912 3929 1052 4000 magna
1080 3904 1306 3979 conscientia
1334 3903 1545 3977 sustinetur.

454 4029 559 4106 Deel.
593 4055 613 4125 3
620 4053 681 4125 52.

561 4153 601 4225 In
631 4149 856 4225 conscientia
885 4149 1036 4224 maximi
1066 4149 1197 4223 meriti.
1282 4133 1284 4136 ⁵

457 4271 564 4347 Decl.
598 4293 685 4367 355.

560 4393 751 4467 Videbant
784 4394 957 4484 futurum,
988 4408 1028 4466 ut
1057 4393 1200 4490 optima
1228 4392 1455 4466 conscientia
1482 4393 1594 4466 ratio·

562 4541 650 4590 num
680 4516 848 4590 omisisse
875 4517 1000 4614 potius
1029 4515 1252 4590 matrimonii
1281 4514 1494 4590 vindictam.
