3576 5650
976 567 1023 636 28

534 779 674 852 maiore
712 775 892 875 religione
931 777 979 850 ad
1017 776 1215 874 periurium
1245 801 1359 873 quam
1388 775 1436 850 ad
1465 801 1572 849 men-

532 902 679 976 dacium
710 900 861 998 perduci
890 900 1094 973 consuevit.

533 1025 628 1120 Quis
652 1024 750 1096 enim
772 1023 1036 1119 deprecatione
1051 1023 1207 1096 deorum
1224 1046 1298 1095 non
1315 1021 1567 1096 conscientiae

533 1147 608 1221 fide
636 1147 918 1219 commovetur?

428 1267 573 1343 Cluent.
608 1294 625 1340 2
634 1291 666 1362 5.

483 1433 486 1436 ·
533 1393 682 1489 Fugam
711 1406 748 1464 et
777 1388 925 1464 sceleris
954 1406 992 1464 et
1020 1390 1268 1464 conscientiae
1295 1404 1441 1463 testem.

426 1511 572 1588 Cluent.
610 1517 693 1608 187.

531 1637 671 1708 Timuit
699 1632 829 1708 mulier
858 1660 989 1709 amens
1018 1659 1093 1708 non
1122 1660 1229 1708 suam
1257 1634 1535 1709 conscientiam.

425 1757 509 1832 Cat.
544 1783 576 1831 2.
613 1783 669 1852 13.

532 1882 628 1954 Cum
670 1878 730 1954 ille
885 1939 891 1952 .
936 1881 1162 1954 conscientia
1204 1881 1395 1955 convictus
1442 1880 1565 1977 primo

530 2004 747 2078 reticuisset.

427 2126 510 2200 Cat.
544 2151 577 2220 3.
614 2150 671 2199 10.

532 2249 726 2346 Cethegus
758 2247 970 2322 debilitatus
998 2265 1113 2346 atque
1142 2249 1308 2323 abiectus
1336 2247 1564 2322 conscientia

539 2387 696 2467 repente
724 2372 909 2445 conticuit.

428 2493 511 2567 Cat.
546 2519 579 2587 3.
616 2518 672 2566 11.

531 2617 686 2711 Quanta
710 2617 958 2690 conscientiae
983 2617 1038 2691 vis
1056 2633 1156 2691 esset
1171 2618 1345 2706 ostendit,
1363 2642 1462 2708 nam,
1477 2640 1563 2688 cum

529 2738 566 2811 id
594 2756 724 2837 posset
751 2740 908 2831 infitiari,
939 2741 1130 2814 confessus
1159 2755 1226 2814 est.

423 2861 507 2934 Cat.
540 2886 574 2954 3.
609 2874 668 2956 27.

532 2983 676 3081 Magna
712 2999 774 3058 est'
803 2987 859 3059 vis
895 2986 1155 3077 conscientiae,
1185 3011 1312 3082 quam,
1342 2986 1404 3082 qui
1437 2980 1562 3079 negle-

432 3100 435 3106 ’
529 3122 634 3202 gunt,
664 3108 733 3205 ipsi
762 3133 802 3181 se
831 3108 1057 3182 indicabunt.

424 3229 519 3303 Piso.
551 3252 612 3324 95.

532 3351 620 3424 Non
649 3352 684 3423 in
714 3377 772 3442 e0,
803 3353 859 3426 cui
888 3353 986 3426 sacta
1010 3367 1067 3426 est
1090 3352 1230 3440 iniuria,
1256 3352 1383 3425 sedin
1409 3352 1473 3442 eis,
1498 3351 1563 3447 qui

530 3473 698 3545 iniuriam
722 3473 898 3564 fecerunt,
924 3473 1073 3548 sceleris
1098 3490 1136 3548 et
1164 3474 1413 3548 conscientiae
1437 3498 1563 3571 poena

530 3595 717 3668 remansit.
824 3651 826 3656 -
1391 3597 1395 3604 '
1524 3595 1527 3603 ⁸

424 3717 533 3791 Rab:
553 3718 652 3790 Post.
689 3743 745 3791 11.

530 3841 644 3913 Cuius
659 3842 884 3915 conscientia
901 3839 987 3915 nihil
1003 3856 1074 3934 est,
1090 3843 1193 3938 quod
1209 3843 1406 3939 quisquam
1418 3841 1561 3931 timeat,

528 3964 558 4036 si
587 3988 662 4037 non
690 3965 929 4061 pertimescat
961 3990 1079 4038 suam.

422 4109 490 4181 pro
519 4084 597 4158 Mil.
631 4092 691 4159 61.

529 4209 673 4306 Magna
711 4224 768 4282 est
798 4210 854 4282 vis
883 4211 1146 4303 conscientiae,
1176 4205 1324 4299 iudices,
1355 4226 1393 4284 et
1422 4236 1562 4308 magna

529 4330 565 4401 in
603 4346 801 4428 utramque
838 4349 1006 4430 partem:
1027 4349 1085 4408 ,ut
1124 4360 1246 4431 neque
1288 4335 1455 4425 timeant,
1497 4334 1562 4430 qui

530 4450 616 4524 nihil
641 4455 904 4546 commiserint,
927 4472 964 4529 et
986 4481 1149 4552 poenam
1165 4483 1314 4553 semper
1329 4471 1416 4529 ante
1432 4454 1562 4530 oculos

529 4576 668 4648 versari
696 4591 839 4673 putent,
869 4579 931 4674 qui
959 4579 1158 4676 peccarint.
1217 4634 1223 4643 .
