<?xml version="1.0" encoding="UTF-8"?>
<!DOCTYPE html PUBLIC "-//W3C//DTD XHTML 1.0 Transitional//EN"
    "http://www.w3.org/TR/xhtml1/DTD/xhtml1-transitional.dtd">
<html xmlns="http://www.w3.org/1999/xhtml" xml:lang="en" lang="en">
 <head>
  <title>
</title>
<meta http-equiv="Content-Type" content="text/html;charset=utf-8" />
  <meta name='ocr-system' content='tesseract 3.04.00' />
  <meta name='ocr-capabilities' content='ocr_page ocr_carea ocr_par ocr_line ocrx_word'/>
</head>
<body>
  <div class='ocr_page' id='page_1' title='image "./dieconscientiae00muldgoog_0130.png"; bbox 0 0 3528 5644; ppageno 0'>
   <div class='ocr_carea' id='block_1_1' title="bbox 668 616 736 667">
    <p class='ocr_par' dir='ltr' id='par_1_1' title="bbox 668 616 736 667">
     <span class='ocr_line' id='line_1_1' title="bbox 668 616 736 667; baseline -0.015 0"><span class='ocrx_word' id='word_1_1' title='bbox 668 616 736 667; x_wconf 92' lang='lat'>111</span> 
     </span>
    </p>
   </div>
   <div class='ocr_carea' id='block_1_2' title="bbox 36 804 1362 4464">
    <p class='ocr_par' dir='ltr' id='par_1_2' title="bbox 36 804 1275 1025">
     <span class='ocr_line' id='line_1_2' title="bbox 126 804 1275 902; baseline 0.002 -24"><span class='ocrx_word' id='word_1_2' title='bbox 126 820 264 896; x_wconf 91' lang='lat' dir='ltr'>morat,</span> <span class='ocrx_word' id='word_1_3' title='bbox 305 805 433 880; x_wconf 90' lang='lat' dir='ltr'>dicens</span> <span class='ocrx_word' id='word_1_4' title='bbox 472 805 739 881; x_wconf 85' lang='lat' dir='ltr'>conscientiam</span> <span class='ocrx_word' id='word_1_5' title='bbox 779 805 1026 902; x_wconf 82' lang='lat' dir='ltr'>comprimere</span> <span class='ocrx_word' id='word_1_6' title='bbox 1061 804 1149 880; x_wconf 87' lang='lat' dir='ltr'>nihil</span> <span class='ocrx_word' id='word_1_7' title='bbox 1188 831 1275 882; x_wconf 90' lang='lat' dir='ltr'>esse</span> 
     </span>
     <span class='ocr_line' id='line_1_3' title="bbox 36 926 557 1025; baseline -0.004 -21"><span class='ocrx_word' id='word_1_8' title='bbox 36 997 37 1004; x_wconf 74' lang='grc'>,</span> <span class='ocrx_word' id='word_1_9' title='bbox 129 927 275 1025; x_wconf 87' lang='lat' dir='ltr'>negotii</span> <span class='ocrx_word' id='word_1_10' title='bbox 302 926 379 1024; x_wconf 84' lang='lat' dir='ltr'>(fin.</span> <span class='ocrx_word' id='word_1_11' title='bbox 414 953 447 1002; x_wconf 89' lang='lat'>2.</span> <span class='ocrx_word' id='word_1_12' title='bbox 482 929 557 1025; x_wconf 84' lang='lat'>54).</span> 
     </span>
    </p>

    <p class='ocr_par' dir='ltr' id='par_1_3' title="bbox 182 1049 975 1125">
     <span class='ocr_line' id='line_1_4' title="bbox 182 1049 975 1125; baseline 0.003 -3"><span class='ocrx_word' id='word_1_13' title='bbox 182 1050 265 1122; x_wconf 91' lang='lat' dir='ltr'>Iam</span> <span class='ocrx_word' id='word_1_14' title='bbox 293 1049 342 1122; x_wconf 91' lang='lat' dir='ltr'>de</span> <span class='ocrx_word' id='word_1_15' title='bbox 369 1051 596 1124; x_wconf 89' lang='lat' dir='ltr'>conscientia</span> <span class='ocrx_word' id='word_1_16' title='bbox 624 1057 711 1125; x_wconf 77' lang='lat' dir='ltr'>teste</span> <span class='ocrx_word' id='word_1_17' title='bbox 737 1049 975 1125; x_wconf 85' lang='lat' dir='ltr'>disseramus.</span> 
     </span>
    </p>

    <p class='ocr_par' dir='ltr' id='par_1_4' title="bbox 36 1170 1362 1392">
     <span class='ocr_line' id='line_1_5' title="bbox 181 1170 1275 1270; baseline 0.003 -27"><span class='ocrx_word' id='word_1_18' title='bbox 181 1170 317 1246; x_wconf 91' lang='lat' dir='ltr'>Cicero</span> <span class='ocrx_word' id='word_1_19' title='bbox 352 1172 401 1245; x_wconf 92' lang='lat' dir='ltr'>de</span> <span class='ocrx_word' id='word_1_20' title='bbox 442 1173 669 1247; x_wconf 91' lang='lat' dir='ltr'>conscientia</span> <span class='ocrx_word' id='word_1_21' title='bbox 712 1187 809 1248; x_wconf 93' lang='lat' dir='ltr'>teste</span> <span class='ocrx_word' id='word_1_22' title='bbox 841 1172 928 1247; x_wconf 92' lang='lat' dir='ltr'>dicit</span> <span class='ocrx_word' id='word_1_23' title='bbox 965 1171 1129 1270; x_wconf 85' lang='lat' dir='ltr'>(Cluent.</span> <span class='ocrx_word' id='word_1_24' title='bbox 1160 1174 1275 1270; x_wconf 88' lang='lat'>159):</span> 
     </span>
     <span class='ocr_line' id='line_1_6' title="bbox 36 1293 1362 1392; baseline 0.001 -26"><span class='ocrx_word' id='word_1_25' title='bbox 36 1367 37 1380; x_wconf 61' lang='lat'>,</span> <span class='ocrx_word' id='word_1_26' title='bbox 130 1293 229 1385; x_wconf 89' lang='lat' dir='ltr'>„Est</span> <span class='ocrx_word' id='word_1_27' title='bbox 265 1294 443 1392; x_wconf 88' lang='lat' dir='ltr'>sapientis</span> <span class='ocrx_word' id='word_1_28' title='bbox 484 1295 611 1369; x_wconf 89' lang='lat' dir='ltr'>iudicis</span> <span class='ocrx_word' id='word_1_29' title='bbox 628 1355 635 1370; x_wconf 91' lang='lat'>.</span> <span class='ocrx_word' id='word_1_30' title='bbox 655 1357 662 1370; x_wconf 93' lang='lat'>.</span> <span class='ocrx_word' id='word_1_31' title='bbox 682 1355 715 1370; x_wconf 92' lang='lat'>..</span> <span class='ocrx_word' id='word_1_32' title='bbox 760 1295 911 1369; x_wconf 88' lang='lat' dir='ltr'>maximi</span> <span class='ocrx_word' id='word_1_33' title='bbox 952 1296 1154 1370; x_wconf 90' lang='lat' dir='ltr'>aestimare</span> <span class='ocrx_word' id='word_1_34' title='bbox 1191 1320 1277 1368; x_wconf 92' lang='lat' dir='ltr'>con·</span> <span class='ocrx_word' id='word_1_35' title='bbox 1358 1369 1362 1380; x_wconf 76' lang='grc'>,</span> 
     </span>
    </p>

    <p class='ocr_par' dir='ltr' id='par_1_5' title="bbox 36 1417 1280 2000">
     <span class='ocr_line' id='line_1_7' title="bbox 131 1417 1280 1515; baseline 0.001 -24"><span class='ocrx_word' id='word_1_36' title='bbox 131 1418 351 1509; x_wconf 89' lang='lat' dir='ltr'>„scientiam</span> <span class='ocrx_word' id='word_1_37' title='bbox 393 1418 529 1492; x_wconf 90' lang='lat' dir='ltr'>mentis</span> <span class='ocrx_word' id='word_1_38' title='bbox 570 1443 672 1510; x_wconf 89' lang='lat' dir='ltr'>suae,</span> <span class='ocrx_word' id='word_1_39' title='bbox 716 1443 831 1515; x_wconf 90' lang='lat' dir='ltr'>quam</span> <span class='ocrx_word' id='word_1_40' title='bbox 853 1443 878 1491; x_wconf 89' lang='lat' dir='ltr'>a</span> <span class='ocrx_word' id='word_1_41' title='bbox 919 1417 976 1492; x_wconf 91' lang='lat' dir='ltr'>dis</span> <span class='ocrx_word' id='word_1_42' title='bbox 1008 1417 1280 1493; x_wconf 88' lang='lat' dir='ltr'>immortalibus</span> 
     </span>
     <span class='ocr_line' id='line_1_8' title="bbox 36 1525 1278 1639; baseline 0 -25"><span class='ocrx_word' id='word_1_43' title='bbox 36 1525 37 1534; x_wconf 9' lang='grc' dir='ltr'>ἵ</span> <span class='ocrx_word' id='word_1_44' title='bbox 132 1540 383 1638; x_wconf 64' lang='lat' dir='ltr'>„accepimus</span> <span class='ocrx_word' id='word_1_45' title='bbox 418 1565 517 1638; x_wconf 91' lang='lat' dir='ltr'>quae</span> <span class='ocrx_word' id='word_1_46' title='bbox 554 1565 577 1614; x_wconf 96' lang='lat' dir='ltr'>a</span> <span class='ocrx_word' id='word_1_47' title='bbox 615 1540 723 1615; x_wconf 88' lang='lat' dir='ltr'>nobis</span> <span class='ocrx_word' id='word_1_48' title='bbox 752 1539 877 1614; x_wconf 92' lang='lat' dir='ltr'>divelli</span> <span class='ocrx_word' id='word_1_49' title='bbox 906 1565 982 1614; x_wconf 93' lang='lat' dir='ltr'>non</span> <span class='ocrx_word' id='word_1_50' title='bbox 1010 1555 1149 1639; x_wconf 92' lang='lat' dir='ltr'>potest,</span> <span class='ocrx_word' id='word_1_51' title='bbox 1179 1565 1278 1637; x_wconf 90' lang='lat' dir='ltr'>quae</span> 
     </span>
     <span class='ocr_line' id='line_1_9' title="bbox 132 1655 1279 1762; baseline 0.002 -26"><span class='ocrx_word' id='word_1_52' title='bbox 132 1663 196 1754; x_wconf 83' lang='lat' dir='ltr'>„si</span> <span class='ocrx_word' id='word_1_53' title='bbox 239 1663 467 1759; x_wconf 77' lang='lat' dir='ltr'>optimorum</span> <span class='ocrx_word' id='word_1_54' title='bbox 508 1663 753 1738; x_wconf 73' lang='lat' dir='ltr'>consilzorum</span> <span class='ocrx_word' id='word_1_55' title='bbox 799 1668 912 1762; x_wconf 76' lang='lat' dir='ltr'>atquc</span> <span class='ocrx_word' id='word_1_56' title='bbox 939 1655 1140 1761; x_wconf 69' lang='lat' dir='ltr'>factorum</span> <span class='ocrx_word' id='word_1_57' title='bbox 1176 1663 1279 1738; x_wconf 79' lang='lat' dir='ltr'>lestis</span> 
     </span>
     <span class='ocr_line' id='line_1_10' title="bbox 132 1785 1280 1878; baseline 0.001 -19"><span class='ocrx_word' id='word_1_58' title='bbox 132 1787 201 1877; x_wconf 81' lang='lat' dir='ltr'>„in</span> <span class='ocrx_word' id='word_1_59' title='bbox 235 1785 341 1859; x_wconf 81' lang='lat' dir='ltr'>omni</span> <span class='ocrx_word' id='word_1_60' title='bbox 365 1786 444 1859; x_wconf 79' lang='lat' dir='ltr'>vita</span> <span class='ocrx_word' id='word_1_61' title='bbox 473 1788 576 1861; x_wconf 78' lang='lat' dir='ltr'>nobis</span> <span class='ocrx_word' id='word_1_62' title='bbox 602 1787 689 1878; x_wconf 76' lang='lat' dir='ltr'>erit,</span> <span class='ocrx_word' id='word_1_63' title='bbox 720 1785 800 1860; x_wconf 91' lang='lat' dir='ltr'>sine</span> <span class='ocrx_word' id='word_1_64' title='bbox 828 1785 903 1860; x_wconf 89' lang='lat' dir='ltr'>ullo</span> <span class='ocrx_word' id='word_1_65' title='bbox 934 1802 1036 1861; x_wconf 89' lang='lat' dir='ltr'>metu</span> <span class='ocrx_word' id='word_1_66' title='bbox 1066 1801 1105 1861; x_wconf 94' lang='lat' dir='ltr'>et</span> <span class='ocrx_word' id='word_1_67' title='bbox 1132 1812 1280 1860; x_wconf 92' lang='lat' dir='ltr'>summa</span> 
     </span>
     <span class='ocr_line' id='line_1_11' title="bbox 133 1909 710 2000; baseline 0.003 -18"><span class='ocrx_word' id='word_1_68' title='bbox 133 1935 245 2000; x_wconf 91' lang='lat' dir='ltr'>„cum</span> <span class='ocrx_word' id='word_1_69' title='bbox 272 1909 474 1982; x_wconf 91' lang='lat' dir='ltr'>honestate</span> <span class='ocrx_word' id='word_1_70' title='bbox 500 1909 710 1984; x_wconf 89' lang='lat' dir='ltr'>vivemus.&#39;’</span> 
     </span>
    </p>

    <p class='ocr_par' dir='ltr' id='par_1_6' title="bbox 133 2031 1280 2622">
     <span class='ocr_line' id='line_1_12' title="bbox 186 2031 1276 2131; baseline 0.003 -28"><span class='ocrx_word' id='word_1_71' title='bbox 186 2031 428 2128; x_wconf 75' lang='lat' dir='ltr'>Conscientia</span> <span class='ocrx_word' id='word_1_72' title='bbox 462 2031 650 2106; x_wconf 88' lang='lat' dir='ltr'>theatrum</span> <span class='ocrx_word' id='word_1_73' title='bbox 689 2033 832 2124; x_wconf 89' lang='lat' dir='ltr'>dicitur,</span> <span class='ocrx_word' id='word_1_74' title='bbox 872 2058 947 2131; x_wconf 92' lang='lat' dir='ltr'>quo</span> <span class='ocrx_word' id='word_1_75' title='bbox 985 2031 1126 2107; x_wconf 92' lang='lat' dir='ltr'>nullum</span> <span class='ocrx_word' id='word_1_76' title='bbox 1156 2033 1276 2107; x_wconf 88' lang='lat' dir='ltr'>maius</span> 
     </span>
     <span class='ocr_line' id='line_1_13' title="bbox 133 2153 1280 2252; baseline 0.003 -26"><span class='ocrx_word' id='word_1_77' title='bbox 133 2154 341 2246; x_wconf 81' lang='lat' dir='ltr'>invenitur3</span> <span class='ocrx_word' id='word_1_78' title='bbox 384 2154 610 2229; x_wconf 90' lang='lat' dir='ltr'>conscientia</span> <span class='ocrx_word' id='word_1_79' title='bbox 647 2153 746 2230; x_wconf 91' lang='lat' dir='ltr'>mille</span> <span class='ocrx_word' id='word_1_80' title='bbox 784 2171 911 2244; x_wconf 90' lang='lat' dir='ltr'>testes,</span> <span class='ocrx_word' id='word_1_81' title='bbox 949 2156 1001 2229; x_wconf 91' lang='lat' dir='ltr'>ait</span> <span class='ocrx_word' id='word_1_82' title='bbox 1029 2154 1280 2252; x_wconf 82' lang='lat' dir='ltr'>Quintilianus</span> 
     </span>
     <span class='ocr_line' id='line_1_14' title="bbox 133 2277 1279 2378; baseline 0.002 -26"><span class='ocrx_word' id='word_1_83' title='bbox 133 2280 240 2377; x_wconf 89' lang='lat' dir='ltr'>(Inst.</span> <span class='ocrx_word' id='word_1_84' title='bbox 285 2277 352 2353; x_wconf 90' lang='lat' dir='ltr'>Or.</span> <span class='ocrx_word' id='word_1_85' title='bbox 398 2300 432 2373; x_wconf 87' lang='lat'>5.</span> <span class='ocrx_word' id='word_1_86' title='bbox 487 2280 572 2376; x_wconf 91' lang='lat'>11.).</span> <span class='ocrx_word' id='word_1_87' title='bbox 614 2279 762 2353; x_wconf 87' lang='lat' dir='ltr'>iniustis</span> <span class='ocrx_word' id='word_1_88' title='bbox 793 2277 894 2353; x_wconf 93' lang='lat' dir='ltr'>nulla</span> <span class='ocrx_word' id='word_1_89' title='bbox 926 2305 1051 2378; x_wconf 89' lang='lat' dir='ltr'>poena</span> <span class='ocrx_word' id='word_1_90' title='bbox 1078 2280 1279 2355; x_wconf 91' lang='lat' dir='ltr'>vehemen-</span> 
     </span>
     <span class='ocr_line' id='line_1_15' title="bbox 134 2402 1279 2501; baseline 0.001 -25"><span class='ocrx_word' id='word_1_91' title='bbox 134 2403 207 2476; x_wconf 91' lang='lat' dir='ltr'>tior</span> <span class='ocrx_word' id='word_1_92' title='bbox 253 2426 337 2476; x_wconf 90' lang='lat' dir='ltr'>esse</span> <span class='ocrx_word' id='word_1_93' title='bbox 374 2416 535 2498; x_wconf 88' lang='lat' dir='ltr'>poterat,</span> <span class='ocrx_word' id='word_1_94' title='bbox 573 2426 689 2500; x_wconf 92' lang='lat' dir='ltr'>quam</span> <span class='ocrx_word' id='word_1_95' title='bbox 726 2419 864 2494; x_wconf 92' lang='lat' dir='ltr'>„nocte</span> <span class='ocrx_word' id='word_1_96' title='bbox 898 2402 1034 2499; x_wconf 89' lang='lat' dir='ltr'>dieque</span> <span class='ocrx_word' id='word_1_97' title='bbox 1071 2428 1178 2476; x_wconf 89' lang='lat' dir='ltr'>suum</span> <span class='ocrx_word' id='word_1_98' title='bbox 1216 2429 1279 2501; x_wconf 84' lang='lat' dir='ltr'>ge·</span> 
     </span>
     <span class='ocr_line' id='line_1_16' title="bbox 142 2523 1181 2622; baseline -0.001 -22"><span class='ocrx_word' id='word_1_99' title='bbox 142 2541 264 2620; x_wconf 85' lang='lat' dir='ltr'>,stare</span> <span class='ocrx_word' id='word_1_100' title='bbox 293 2524 331 2596; x_wconf 92' lang='lat' dir='ltr'>in</span> <span class='ocrx_word' id='word_1_101' title='bbox 361 2540 514 2622; x_wconf 87' lang='lat' dir='ltr'>pectore</span> <span class='ocrx_word' id='word_1_102' title='bbox 542 2523 716 2600; x_wconf 92' lang='lat' dir='ltr'>testem.‘&#39;</span> <span class='ocrx_word' id='word_1_103' title='bbox 746 2525 841 2621; x_wconf 84' lang='lat' dir='ltr'>(luv.</span> <span class='ocrx_word' id='word_1_104' title='bbox 871 2524 950 2599; x_wconf 88' lang='lat' dir='ltr'>Sat.</span> <span class='ocrx_word' id='word_1_105' title='bbox 988 2548 1044 2617; x_wconf 89' lang='lat'>13.</span> <span class='ocrx_word' id='word_1_106' title='bbox 1081 2527 1181 2622; x_wconf 88' lang='lat'>198).</span> 
     </span>
    </p>

    <p class='ocr_par' dir='ltr' id='par_1_7' title="bbox 135 2646 1279 2868">
     <span class='ocr_line' id='line_1_17' title="bbox 189 2646 1279 2746; baseline 0.001 -24"><span class='ocrx_word' id='word_1_107' title='bbox 189 2648 264 2740; x_wconf 88' lang='lat'>„0‚</span> <span class='ocrx_word' id='word_1_108' title='bbox 299 2663 339 2722; x_wconf 92' lang='lat' dir='ltr'>te</span> <span class='ocrx_word' id='word_1_109' title='bbox 376 2647 591 2740; x_wconf 87' lang='lat' dir='ltr'>miserum,”</span> <span class='ocrx_word' id='word_1_110' title='bbox 632 2647 750 2746; x_wconf 90' lang='lat' dir='ltr'>inquit</span> <span class='ocrx_word' id='word_1_111' title='bbox 786 2646 944 2736; x_wconf 90' lang='lat' dir='ltr'>Seneca,</span> <span class='ocrx_word' id='word_1_112' title='bbox 989 2649 1039 2742; x_wconf 82' lang='lat' dir='ltr'>„si</span> <span class='ocrx_word' id='word_1_113' title='bbox 1071 2649 1279 2723; x_wconf 88' lang='lat' dir='ltr'>contemnis</span> 
     </span>
     <span class='ocr_line' id='line_1_18' title="bbox 135 2769 677 2868; baseline 0 -24"><span class='ocrx_word' id='word_1_114' title='bbox 135 2772 260 2862; x_wconf 92' lang='lat' dir='ltr'>„hunc</span> <span class='ocrx_word' id='word_1_115' title='bbox 287 2769 449 2845; x_wconf 88' lang='lat' dir='ltr'>testem”</span> <span class='ocrx_word' id='word_1_116' title='bbox 482 2770 568 2868; x_wconf 89' lang='lat' dir='ltr'>(Ep.</span> <span class='ocrx_word' id='word_1_117' title='bbox 599 2772 677 2867; x_wconf 83' lang='lat'>43).</span> 
     </span>
    </p>

    <p class='ocr_par' dir='ltr' id='par_1_8' title="bbox 121 2892 1283 4464">
     <span class='ocr_line' id='line_1_19' title="bbox 186 2892 1281 2991; baseline 0 -23"><span class='ocrx_word' id='word_1_118' title='bbox 186 2893 249 2968; x_wconf 87' lang='lat' dir='ltr'>Sic</span> <span class='ocrx_word' id='word_1_119' title='bbox 285 2892 343 2966; x_wconf 90' lang='lat' dir='ltr'>vis</span> <span class='ocrx_word' id='word_1_120' title='bbox 380 2909 495 2991; x_wconf 89' lang='lat' dir='ltr'>atque</span> <span class='ocrx_word' id='word_1_121' title='bbox 532 2908 700 2990; x_wconf 83' lang='lat' dir='ltr'>potestas</span> <span class='ocrx_word' id='word_1_122' title='bbox 737 2892 987 2968; x_wconf 89' lang='lat' dir='ltr'>conscientiae</span> <span class='ocrx_word' id='word_1_123' title='bbox 1023 2910 1101 2968; x_wconf 91' lang='lat' dir='ltr'>tam</span> <span class='ocrx_word' id='word_1_124' title='bbox 1130 2921 1281 2969; x_wconf 91' lang='lat' dir='ltr'>accusa-</span> 
     </span>
     <span class='ocr_line' id='line_1_20' title="bbox 133 3014 1277 3114; baseline 0.002 -26"><span class='ocrx_word' id='word_1_125' title='bbox 133 3016 243 3107; x_wconf 86' lang='lat' dir='ltr'>tricis,</span> <span class='ocrx_word' id='word_1_126' title='bbox 282 3040 397 3112; x_wconf 92' lang='lat' dir='ltr'>quam</span> <span class='ocrx_word' id='word_1_127' title='bbox 432 3014 537 3090; x_wconf 91' lang='lat' dir='ltr'>testis</span> <span class='ocrx_word' id='word_1_128' title='bbox 574 3014 779 3113; x_wconf 87' lang='lat' dir='ltr'>indicisque</span> <span class='ocrx_word' id='word_1_129' title='bbox 807 3016 913 3090; x_wconf 85' lang='lat' dir='ltr'>varia</span> <span class='ocrx_word' id='word_1_130' title='bbox 945 3017 1115 3090; x_wconf 86' lang='lat' dir='ltr'>oratione</span> <span class='ocrx_word' id='word_1_131' title='bbox 1149 3016 1277 3114; x_wconf 90' lang='lat' dir='ltr'>depin-</span> 
     </span>
     <span class='ocr_line' id='line_1_21' title="bbox 132 3136 1278 3236; baseline 0.001 -24"><span class='ocrx_word' id='word_1_132' title='bbox 132 3139 242 3236; x_wconf 88' lang='lat' dir='ltr'>gitur.</span> <span class='ocrx_word' id='word_1_133' title='bbox 297 3136 560 3211; x_wconf 87' lang='lat' dir='ltr'>Conscientiae</span> <span class='ocrx_word' id='word_1_134' title='bbox 612 3139 802 3236; x_wconf 90' lang='lat' dir='ltr'>proprium</span> <span class='ocrx_word' id='word_1_135' title='bbox 844 3154 902 3213; x_wconf 92' lang='lat' dir='ltr'>est</span> <span class='ocrx_word' id='word_1_136' title='bbox 943 3163 1120 3211; x_wconf 89' lang='lat' dir='ltr'>accusare</span> <span class='ocrx_word' id='word_1_137' title='bbox 1162 3154 1278 3236; x_wconf 89' lang='lat' dir='ltr'>atque</span> 
     </span>
     <span class='ocr_line' id='line_1_22' title="bbox 133 3260 1277 3358; baseline 0.003 -24"><span class='ocrx_word' id='word_1_138' title='bbox 133 3261 326 3352; x_wconf 92' lang='lat' dir='ltr'>damnare,</span> <span class='ocrx_word' id='word_1_139' title='bbox 364 3286 450 3334; x_wconf 92' lang='lat' dir='ltr'>raro</span> <span class='ocrx_word' id='word_1_140' title='bbox 478 3261 526 3334; x_wconf 93' lang='lat' dir='ltr'>de</span> <span class='ocrx_word' id='word_1_141' title='bbox 555 3261 792 3354; x_wconf 90' lang='lat' dir='ltr'>conscientia,</span> <span class='ocrx_word' id='word_1_142' title='bbox 822 3287 920 3358; x_wconf 90' lang='lat' dir='ltr'>quae</span> <span class='ocrx_word' id='word_1_143' title='bbox 950 3260 1124 3353; x_wconf 90' lang='lat' dir='ltr'>absolvit,</span> <span class='ocrx_word' id='word_1_144' title='bbox 1153 3286 1277 3337; x_wconf 90' lang='lat' dir='ltr'>sermo</span> 
     </span>
     <span class='ocr_line' id='line_1_23' title="bbox 133 3383 1283 3482; baseline 0.001 -24"><span class='ocrx_word' id='word_1_145' title='bbox 133 3401 192 3458; x_wconf 91' lang='lat' dir='ltr'>est</span> <span class='ocrx_word' id='word_1_146' title='bbox 207 3385 245 3482; x_wconf 85' lang='grc'>1).</span> <span class='ocrx_word' id='word_1_147' title='bbox 276 3383 449 3482; x_wconf 85' lang='lat' dir='ltr'>„Magna</span> <span class='ocrx_word' id='word_1_148' title='bbox 475 3384 533 3457; x_wconf 92' lang='lat' dir='ltr'>vis</span> <span class='ocrx_word' id='word_1_149' title='bbox 562 3399 619 3458; x_wconf 92' lang='lat' dir='ltr'>est</span> <span class='ocrx_word' id='word_1_150' title='bbox 646 3383 921 3458; x_wconf 86' lang='lat' dir='ltr'>conscientiae&#39;&#39;</span> <span class='ocrx_word' id='word_1_151' title='bbox 936 3383 1055 3482; x_wconf 91' lang='lat' dir='ltr'>inquit</span> <span class='ocrx_word' id='word_1_152' title='bbox 1069 3383 1203 3458; x_wconf 90' lang='lat' dir='ltr'>Cicero</span> <span class='ocrx_word' id='word_1_153' title='bbox 1219 3400 1283 3472; x_wconf 92' lang='lat' dir='ltr'>„et</span> 
     </span>
     <span class='ocr_line' id='line_1_24' title="bbox 136 3507 1279 3606; baseline -0.001 -24"><span class='ocrx_word' id='word_1_154' title='bbox 136 3531 303 3606; x_wconf 87' lang='lat' dir='ltr'>„magna</span> <span class='ocrx_word' id='word_1_155' title='bbox 343 3507 381 3579; x_wconf 90' lang='lat' dir='ltr'>in</span> <span class='ocrx_word' id='word_1_156' title='bbox 422 3522 622 3604; x_wconf 90' lang='lat' dir='ltr'>utramque</span> <span class='ocrx_word' id='word_1_157' title='bbox 663 3521 832 3606; x_wconf 74' lang='lat' dir='ltr'>partem,</span> <span class='ocrx_word' id='word_1_158' title='bbox 870 3523 911 3581; x_wconf 92' lang='lat' dir='ltr'>ut</span> <span class='ocrx_word' id='word_1_159' title='bbox 948 3531 1073 3604; x_wconf 91' lang='lat' dir='ltr'>neque</span> <span class='ocrx_word' id='word_1_160' title='bbox 1109 3508 1279 3601; x_wconf 85' lang='lat' dir='ltr'>timeant,</span> 
     </span>
     <span class='ocr_line' id='line_1_25' title="bbox 134 3627 1278 3728; baseline 0.001 -25"><span class='ocrx_word' id='word_1_161' title='bbox 134 3631 223 3728; x_wconf 89' lang='lat' dir='ltr'>„qui</span> <span class='ocrx_word' id='word_1_162' title='bbox 264 3627 353 3703; x_wconf 92' lang='lat' dir='ltr'>nihil</span> <span class='ocrx_word' id='word_1_163' title='bbox 394 3629 658 3722; x_wconf 87' lang='lat' dir='ltr'>commiserint,</span> <span class='ocrx_word' id='word_1_164' title='bbox 706 3645 745 3703; x_wconf 87' lang='lat' dir='ltr'>et</span> <span class='ocrx_word' id='word_1_165' title='bbox 789 3655 954 3727; x_wconf 91' lang='lat' dir='ltr'>poenam</span> <span class='ocrx_word' id='word_1_166' title='bbox 994 3654 1146 3727; x_wconf 90' lang='lat' dir='ltr'>semper</span> <span class='ocrx_word' id='word_1_167' title='bbox 1189 3645 1278 3705; x_wconf 90' lang='lat' dir='ltr'>ante</span> 
     </span>
     <span class='ocr_line' id='line_1_26' title="bbox 137 3751 1278 3852; baseline -0.002 -24"><span class='ocrx_word' id='word_1_168' title='bbox 137 3751 291 3846; x_wconf 90' lang='lat' dir='ltr'>„oculos</span> <span class='ocrx_word' id='word_1_169' title='bbox 313 3753 456 3827; x_wconf 89' lang='lat' dir='ltr'>versari</span> <span class='ocrx_word' id='word_1_170' title='bbox 470 3767 613 3850; x_wconf 91' lang='lat' dir='ltr'>putent,</span> <span class='ocrx_word' id='word_1_171' title='bbox 631 3753 694 3850; x_wconf 91' lang='lat' dir='ltr'>qui</span> <span class='ocrx_word' id='word_1_172' title='bbox 708 3751 985 3852; x_wconf 84' lang='lat' dir='ltr'>peccaverint.&#39;&#39;</span> <span class='ocrx_word' id='word_1_173' title='bbox 1002 3754 1085 3850; x_wconf 93' lang='lat' dir='ltr'>(pro</span> <span class='ocrx_word' id='word_1_174' title='bbox 1103 3751 1183 3844; x_wconf 81' lang='lat' dir='ltr'>Mil.</span> <span class='ocrx_word' id='word_1_175' title='bbox 1202 3754 1278 3850; x_wconf 89' lang='lat'>61).</span> 
     </span>
     <span class='ocr_line' id='line_1_27' title="bbox 121 3873 1279 3971; baseline -0.003 -22"><span class='ocrx_word' id='word_1_176' title='bbox 121 3875 358 3963; x_wconf 74' lang='lat' dir='ltr'>¹Notandum</span> <span class='ocrx_word' id='word_1_177' title='bbox 394 3875 554 3967; x_wconf 87' lang='lat' dir='ltr'>videtur,</span> <span class='ocrx_word' id='word_1_178' title='bbox 584 3875 807 3950; x_wconf 88' lang='lat' dir='ltr'>Ciceronem</span> <span class='ocrx_word' id='word_1_179' title='bbox 835 3876 884 3950; x_wconf 92' lang='lat' dir='ltr'>de</span> <span class='ocrx_word' id='word_1_180' title='bbox 913 3873 1030 3949; x_wconf 92' lang='lat' dir='ltr'>altera</span> <span class='ocrx_word' id='word_1_181' title='bbox 1058 3888 1165 3971; x_wconf 94' lang='lat' dir='ltr'>parte</span> <span class='ocrx_word' id='word_1_182' title='bbox 1193 3899 1279 3948; x_wconf 93' lang='lat' dir='ltr'>con·</span> 
     </span>
     <span class='ocr_line' id='line_1_28' title="bbox 134 3995 1278 4099; baseline -0.003 -27"><span class='ocrx_word' id='word_1_183' title='bbox 134 3999 312 4073; x_wconf 90' lang='lat' dir='ltr'>scientiae</span> <span class='ocrx_word' id='word_1_184' title='bbox 346 3999 555 4096; x_wconf 90' lang='lat' dir='ltr'>potestatis,</span> <span class='ocrx_word' id='word_1_185' title='bbox 592 3998 783 4099; x_wconf 84' lang='lat' dir='ltr'>negative,</span> <span class='ocrx_word' id='word_1_186' title='bbox 821 4013 862 4072; x_wconf 87' lang='lat' dir='ltr'>ut</span> <span class='ocrx_word' id='word_1_187' title='bbox 887 3997 939 4071; x_wconf 85' lang='lat' dir='ltr'>ita</span> <span class='ocrx_word' id='word_1_188' title='bbox 967 3996 1101 4088; x_wconf 90' lang='lat' dir='ltr'>dicam,</span> <span class='ocrx_word' id='word_1_189' title='bbox 1131 3995 1278 4089; x_wconf 76' lang='lat' dir='ltr'>dicere,</span> 
     </span>
     <span class='ocr_line' id='line_1_29' title="bbox 134 4120 1278 4218; baseline -0.003 -22"><span class='ocrx_word' id='word_1_190' title='bbox 134 4122 170 4215; x_wconf 87' lang='lat' dir='ltr'>ii,</span> <span class='ocrx_word' id='word_1_191' title='bbox 223 4122 286 4218; x_wconf 92' lang='lat' dir='ltr'>qui</span> <span class='ocrx_word' id='word_1_192' title='bbox 334 4122 581 4197; x_wconf 89' lang='lat' dir='ltr'>conscientiae</span> <span class='ocrx_word' id='word_1_193' title='bbox 631 4122 766 4196; x_wconf 92' lang='lat' dir='ltr'>iudicio</span> <span class='ocrx_word' id='word_1_194' title='bbox 808 4145 883 4195; x_wconf 90' lang='lat' dir='ltr'>non</span> <span class='ocrx_word' id='word_1_195' title='bbox 925 4120 1162 4210; x_wconf 88' lang='lat' dir='ltr'>damnantur,</span> <span class='ocrx_word' id='word_1_196' title='bbox 1202 4144 1278 4194; x_wconf 92' lang='lat' dir='ltr'>non</span> 
     </span>
     <span class='ocr_line' id='line_1_30' title="bbox 135 4240 1279 4341; baseline -0.003 -22"><span class='ocrx_word' id='word_1_197' title='bbox 135 4246 278 4319; x_wconf 89' lang='lat' dir='ltr'>timent.</span> <span class='ocrx_word' id='word_1_198' title='bbox 330 4246 389 4319; x_wconf 92' lang='lat' dir='ltr'>Re</span> <span class='ocrx_word' id='word_1_199' title='bbox 440 4269 544 4333; x_wconf 91' lang='lat' dir='ltr'>vera,</span> <span class='ocrx_word' id='word_1_200' title='bbox 595 4270 680 4318; x_wconf 91' lang='lat' dir='ltr'>cum</span> <span class='ocrx_word' id='word_1_201' title='bbox 730 4243 841 4341; x_wconf 84' lang='lat' dir='ltr'>culpa</span> <span class='ocrx_word' id='word_1_202' title='bbox 890 4243 999 4334; x_wconf 91' lang='lat' dir='ltr'>absit,</span> <span class='ocrx_word' id='word_1_203' title='bbox 1053 4240 1279 4316; x_wconf 92' lang='lat' dir='ltr'>conscientia</span> 
     </span>
     <span class='ocr_line' id='line_1_31' title="bbox 135 4364 1277 4464; baseline -0.002 -22"><span class='ocrx_word' id='word_1_204' title='bbox 135 4373 256 4462; x_wconf 79' lang='lat' dir='ltr'>tacet3</span> <span class='ocrx_word' id='word_1_205' title='bbox 317 4367 362 4442; x_wconf 87' lang='lat' dir='ltr'>cf.</span> <span class='ocrx_word' id='word_1_206' title='bbox 419 4369 487 4442; x_wconf 93' lang='lat' dir='ltr'>Dr.</span> <span class='ocrx_word' id='word_1_207' title='bbox 541 4368 590 4441; x_wconf 91' lang='lat' dir='ltr'>H.</span> <span class='ocrx_word' id='word_1_208' title='bbox 644 4367 813 4442; x_wconf 88' lang='lat' dir='ltr'>Bavinck</span> <span class='ocrx_word' id='word_1_209' title='bbox 863 4364 1035 4464; x_wconf 89' lang='lat' dir='ltr'>Psychol.</span> <span class='ocrx_word' id='word_1_210' title='bbox 1089 4392 1125 4463; x_wconf 88' lang='lat' dir='ltr'>p.</span> <span class='ocrx_word' id='word_1_211' title='bbox 1184 4389 1277 4440; x_wconf 90' lang='lat'>112:</span> 
     </span>
    </p>
   </div>
   <div class='ocr_carea' id='block_1_3' title="bbox 137 4565 1273 4724">
    <p class='ocr_par' dir='ltr' id='par_1_9' title="bbox 137 4565 1273 4724">
     <span class='ocr_line' id='line_1_32' title="bbox 176 4565 1273 4636; baseline -0.001 -18"><span class='ocrx_word' id='word_1_212' title='bbox 176 4567 202 4636; x_wconf 88' lang='grc' dir='ltr'>ι)</span> <span class='ocrx_word' id='word_1_213' title='bbox 224 4567 256 4619; x_wconf 86' lang='lat' dir='ltr'>cl.</span> <span class='ocrx_word' id='word_1_214' title='bbox 275 4567 337 4619; x_wconf 77' lang='lat' dir='ltr'>sen.</span> <span class='ocrx_word' id='word_1_215' title='bbox 356 4567 417 4618; x_wconf 84' lang='lat' dir='ltr'>Nat.</span> <span class='ocrx_word' id='word_1_216' title='bbox 435 4567 542 4630; x_wconf 82' lang='lat' dir='ltr'>Quaest.</span> <span class='ocrx_word' id='word_1_217' title='bbox 560 4565 608 4632; x_wconf 87' lang='lat' dir='ltr'>1v,</span> <span class='ocrx_word' id='word_1_218' title='bbox 626 4565 724 4617; x_wconf 73' lang='lat' dir='ltr'>Praei:</span> <span class='ocrx_word' id='word_1_219' title='bbox 745 4567 824 4631; x_wconf 81' lang='lat' dir='ltr'>„Post</span> <span class='ocrx_word' id='word_1_220' title='bbox 841 4565 892 4616; x_wconf 89' lang='lat' dir='ltr'>hoc</span> <span class='ocrx_word' id='word_1_221' title='bbox 911 4565 969 4632; x_wconf 86' lang='lat' dir='ltr'>ipse</span> <span class='ocrx_word' id='word_1_222' title='bbox 987 4572 1014 4616; x_wconf 89' lang='lat' dir='ltr'>te</span> <span class='ocrx_word' id='word_1_223' title='bbox 1034 4565 1152 4633; x_wconf 85' lang='lat' dir='ltr'>consule,</span> <span class='ocrx_word' id='word_1_224' title='bbox 1170 4581 1273 4617; x_wconf 81' lang='lat' dir='ltr'>verane·</span> 
     </span>
     <span class='ocr_line' id='line_1_33' title="bbox 137 4652 1219 4724; baseline -0.002 -18"><span class='ocrx_word' id='word_1_225' title='bbox 137 4672 189 4724; x_wconf 75' lang='lat' dir='ltr'>,an</span> <span class='ocrx_word' id='word_1_226' title='bbox 207 4655 272 4707; x_wconf 76' lang='lat' dir='ltr'>salsa</span> <span class='ocrx_word' id='word_1_227' title='bbox 292 4655 485 4706; x_wconf 79' lang='lat' dir='ltr'>memoraveris.</span> <span class='ocrx_word' id='word_1_228' title='bbox 503 4653 532 4705; x_wconf 90' lang='lat' dir='ltr'>Si</span> <span class='ocrx_word' id='word_1_229' title='bbox 550 4669 612 4704; x_wconf 81' lang='lat' dir='ltr'>vera</span> <span class='ocrx_word' id='word_1_230' title='bbox 630 4659 701 4721; x_wconf 84' lang='lat' dir='ltr'>sunt,</span> <span class='ocrx_word' id='word_1_231' title='bbox 718 4669 805 4704; x_wconf 78' lang='lat' dir='ltr'>coram</span> <span class='ocrx_word' id='word_1_232' title='bbox 822 4669 919 4720; x_wconf 84' lang='lat' dir='ltr'>magno</span> <span class='ocrx_word' id='word_1_233' title='bbox 938 4660 1005 4706; x_wconf 85' lang='lat' dir='ltr'>teste</span> <span class='ocrx_word' id='word_1_234' title='bbox 1024 4654 1145 4706; x_wconf 79' lang='lat' dir='ltr'>laudatus</span> <span class='ocrx_word' id='word_1_235' title='bbox 1163 4652 1219 4706; x_wconf 84' lang='lat' dir='ltr'>es.”</span> 
     </span>
    </p>
   </div>
   <div class='ocr_carea' id='block_1_4' title="bbox 0 0 1775 5644">
    <p class='ocr_par' dir='ltr' id='par_1_10' title="bbox 0 0 1775 5644">
     <span class='ocr_line' id='line_1_34' title="bbox 0 0 1775 5644; baseline 0 0"><span class='ocrx_word' id='word_1_236' title='bbox 0 0 1775 5644; x_wconf 95' lang='lat' dir='ltr'> </span> 
     </span>
    </p>
   </div>
  </div>
 </body>
</html>
