3528 5644
743 613 791 702 67

191 824 230 898 Α
254 823 427 898 Varrone
448 821 519 895 tria
541 845 683 920 genera
703 817 920 918 theologiae
934 819 1241 897 discernebantur
1257 820 1332 899 scil.

188 973 311 1045 genus
336 944 550 1042 mythicum,
577 942 770 1040 physicum
799 956 837 1016 et
860 940 979 1030 civile,
996 969 1156 1040 quorum
1171 945 1331 1041 primum

197 1065 484 1166 „nugatorium”
511 1090 593 1138 esse
617 1064 704 1137 dicit
718 1062 905 1138 Scaevola
917 1065 1085 1162 pontifex
1106 1067 1333 1155 „secundum

196 1213 293 1283 ,non
317 1211 525 1286 congruere
549 1186 770 1275 civitatibus
793 1187 896 1283 quod
911 1187 1051 1262 habeat
1066 1185 1191 1287 aliqua
1207 1215 1333 1286 super-

195 1337 349 1401 „vacua,
375 1309 501 1407 aliqua
522 1309 649 1400 etiam,
671 1334 769 1406 quae
784 1308 882 1382 obsit
897 1308 1045 1408 populis
1060 1310 1196 1385 nosse''
1214 1311 1332 1410 (Aug.

188 1435 239 1508 de
259 1435 343 1508 civ.
370 1434 454 1526 Dei,
480 1459 516 1528 4.
546 1435 620 1530 27).
647 1432 815 1506 Tertium
835 1458 926 1506 vero
941 1459 1063 1529 genus
1078 1433 1187 1510 saluti
1202 1437 1253 1510 rei
1269 1464 1335 1535 pu-

188 1556 310 1631 blicae
333 1581 447 1655 quam
472 1555 622 1630 maximi
645 1555 825 1629 momenti
848 1555 1025 1647 habebat,
1052 1584 1166 1656 quam
1188 1559 1238 1632 ob
1253 1585 1332 1633 rem

188 1681 303 1755 etiam
327 1677 559 1777 philosophis
582 1678 709 1752 omnia
733 1675 806 1769 illa,
831 1693 872 1751 ut
892 1679 1040 1753 Seneca
1066 1680 1129 1771 ait,
1144 1682 1333 1756 servanda

187 1818 286 1895 sunt,
328 1817 524 1899 tamquam
561 1798 708 1897 legibus
745 1799 843 1874 iussa
858 1801 884 1897 1)
926 1826 1001 1876 non
1044 1819 1238 1900 tamquam
1276 1804 1332 1878 dis

186 1938 311 2023 grata.
342 1921 443 1998 Alibi
470 1921 650 2021 legimus:

247 2047 435 2142 „Omnem
470 2046 579 2119 istam
606 2043 810 2142 ignobilem
838 2045 996 2120 deorum
1024 2046 1185 2140 turbam,
1215 2074 1330 2145 quam

193 2167 332 2268 ,longo
366 2193 464 2242 aevo
496 2166 612 2265 longa
647 2166 859 2265 superstitio
887 2167 1089 2264 congessit,
1112 2169 1175 2260 sic,
1200 2169 1330 2267 inquit,

193 2291 468 2385 ,adorabimus
510 2305 552 2363 ut
593 2289 879 2378 meminerimus
918 2287 1056 2364 cultum
1094 2290 1172 2364 eius
1210 2292 1331 2390 magis

192 2414 264 2508 „ad
302 2439 458 2501 morem,
493 2437 608 2510 quam
638 2413 687 2486 ad
715 2438 794 2486 rem
821 2410 1032 2511 pertinere‘'
1063 2412 1164 2510 (Sen.
1195 2413 1329 2513 fragm.

186 2536 249 2609 ed.
281 2535 413 2609 Haase
447 2559 504 2608 12.
537 2535 612 2631 39).

241 2657 468 2755 Respublica
492 2683 577 2730 cum
600 2655 782 2730 artissime
804 2655 1025 2731 cohaereret
1038 2682 1123 2729 cum
1138 2654 1328 2755 religione,

183 2781 348 2878 sapiens,
375 2781 438 2877 qui
461 2807 501 2854 re
524 2804 616 2854 vera
634 2780 728 2853 deos
750 2779 926 2876 antiquos
948 2777 1189 2876 neglegebat,
1202 2796 1329 2855 tamen

188 2901 363 2997 ,colebat
408 2902 510 3001 quod
559 2901 871 2998 reprehendebat,
922 2901 1074 2999 agebat,
1126 2903 1229 2999 quod
1274 2929 1329 2978 ar·

188 3027 366 3126 ,guebat,
432 3025 534 3123 quod
591 3021 780 3121 culpabat,
832 3023 1056 3116 adorabat,''
1114 3025 1228 3122 quod,
1286 3041 1327 3100 ut

183 3149 424 3248 Augustinus
483 3149 545 3242 (de
605 3147 688 3221 Civ.
759 3146 845 3236 Dei,
900 3152 934 3221 6.
999 3149 1060 3244 10)
1109 3146 1207 3238 dicit,
1257 3174 1324 3241 ,eo

188 3270 460 3367 „damnabilius
484 3286 576 3362 erat,
598 3270 701 3367 quod
720 3268 793 3356 illa,
810 3295 909 3368 quae
925 3269 1155 3344 mendaciter
1168 3270 1323 3369 agebat,

187 3396 264 3491 „sic
300 3410 445 3493 ageret,
479 3408 520 3467 ut
546 3417 633 3467 eum
661 3390 825 3492 populus
853 3392 1036 3467 veraciter
1063 3417 1179 3492 agere
1207 3393 1329 3469 existi-

188 3515 370 3612 „maret”

238 3639 336 3713 Cum
364 3638 475 3737 igitur
495 3635 683 3711 vinculum
707 3635 895 3735 religionis
914 3634 1094 3734 paulatim
1119 3634 1328 3712 solveretur

180 3762 344 3861 primum
380 3761 418 3835 in
453 3759 699 3835 litteratorum
736 3760 928 3835 hominum
964 3759 1150 3851 cordibus,
1190 3760 1326 3835 deinde

179 3885 377 3959 hominum
398 3883 544 3958 rudium
569 3899 685 3982 atque
706 3883 937 3972 rusticorum,
964 3882 1136 3980 quaestio
1151 3883 1325 3975 exoritur,

179 4007 377 4105 quomodo
426 4005 505 4079 fieri
546 4006 720 4102 potuerit,
758 4021 799 4078 ut
835 4020 961 4079 aetate
997 4031 1055 4091 ea,
1095 4029 1170 4102 qua
1207 4003 1329 4079 cultus

180 4132 340 4204 deorum
362 4129 400 4203 in
424 4129 504 4203 dies
529 4128 649 4226 magis
664 4125 940 4226 neglegeretur,
957 4127 1060 4218 notio
1075 4127 1327 4201 conscientiae

180 4277 302 4350 usque
329 4251 379 4325 ad
407 4249 496 4324 illud
524 4266 672 4348 tempus
695 4249 864 4323 involuta
888 4249 1123 4324 efflorescere
1148 4251 1325 4347 coeperit.

179 4375 331 4450 Stoicos
353 4375 402 4448 ad
426 4373 675 4448 conscientiae
694 4373 886 4447 notionem
902 4371 1152 4446 evolvendam
1170 4371 1325 4446 multum

187 4557 338 4571 -ι-ιιι

219 4650 436 4720 1)sen.rmgm.
459 4662 499 4703 12.
520 4648 563 4714 38.
