3576 5650
784 551 831 630 57

233 759 391 838 seretur,
422 770 496 821 non
527 745 736 820 mirandum
765 760 834 838 est,
866 748 971 844 quod
999 746 1103 822 notio
1132 745 1381 822 conscientiae

233 865 388 941 confusa
416 882 532 966 atque
559 867 700 941 incerta
729 869 921 944 manebat.

289 989 386 1062 Cum
410 988 542 1088 aliquis
561 989 598 1063 in
614 990 671 1063 dis
684 988 850 1065 colendis
865 993 1097 1090 peccavisset
1108 993 1137 1091 Ἰ)
1153 989 1213 1066 vel
1229 1006 1381 1091 putaret

233 1137 276 1185 se
303 1112 529 1208 peccavisse,
559 1137 634 1186 non
664 1112 890 1187 conscientia
920 1138 1006 1188 eum
1035 1139 1212 1189 accusare
1238 1113 1380 1206 dicitur,

233 1232 301 1307 sed
351 1232 482 1332 religio
523 1259 610 1308 eum
652 1235 818 1333 impedit,
861 1234 1108 1311 sollicitudine
1149 1234 1338 1335 religionis
1352 1236 1381 1335 ⁹)

232 1355 397 1453 agitatur
406 1357 444 1454 8).

292 1478 355 1567 „ld
377 1477 466 1553 mihi
489 1477 661 1578 religioni
681 1480 763 1556 est'’
788 1482 994 1582 significat:
1021 1479 1159 1580 ligatus
1174 1507 1258 1556 sum
1274 1506 1381 1579 prae-

234 1600 363 1697 ceptis,
401 1598 643 1699 legibusque,
677 1601 824 1702 belgice
861 1605 1060 1679 vertimus:
1099 1604 1137 1677 ik
1167 1605 1250 1678 'heb
1274 1604 1381 1678 daat-

234 1738 348 1820 tegen
385 1726 758 1822 gewetensbezwaar,
796 1752 1026 1826 quamquam
1061 1725 1198 1802 locutio
1233 1724 1381 1825 belgica

234 1843 353 1919 multo
381 1844 491 1920 latius
519 1862 625 1944 patet
639 1849 676 1945 ⁴).
952 1856 955 1860 ’

288 1968 496 2043 identidem
533 1970 627 2043 haec
661 1971 847 2046 sententia
884 1971 981 2066 voci,
1021 1997 1120 2070 quae
1158 1985 1215 2046 est
1243 1972 1382 2070 relzgzb

235 2089 421 2166 subicitur.

291 2210 503 2306 Marcellus,
548 2213 577 2287 si
610 2213 851 2315 religionibus
879 2230 1030 2292 tenetur
1056 2216 1182 2290 animo
1212 2214 1378 2307 obiectis,

237 2358 312 2407 non
341 2334 587 2409 dubitandum
615 2351 683 2430 est,
713 2338 802 2435 quin
831 2340 1033 2438 religiones
1060 2339 1162 2412 idem
1189 2338 1236 2412 sit
1264 2353 1380 2435 atque

235 2471 404 2531 nostrum
439 2460 861 2557 ,gewetensbezwaren”.
1178 2459 1182 2466 ’
1276 2505 1282 2514 ·

292 2578 409 2677 Apud
445 2580 528 2655 Liv.
565 2579 725 2679 legimus
760 2584 838 2678 (43.
883 2586 964 2681 13):
995 2583 1195 2673 „Ceterum
1228 2582 1379 2658 etmihi

243 2717 432 2791 „vetustas
469 2728 529 2777 res
558 2704 733 2779 scribenti
762 2706 887 2780 nescio
917 2732 992 2805 quo
1021 2720 1136 2805 pacto
1165 2705 1309 2780 anticus
1338 2704 1381 2779 fit

278 3101 304 3168 1)
322 3101 350 3152 Si
367 3101 494 3152 Romanis
512 3117 564 3166 pax
582 3100 712 3165 veniaque
730 3099 838 3151 deorum
853 3107 917 3167 erat,
931 3100 1066 3150 vinculum
1083 3101 1127 3150 vix
1143 3099 1186 3149 vel
1203 3098 1312 3148 omnino
1326 3114 1382 3158 non

239 3188 407 3238 sentiebatur.
424 3187 525 3237 Eodem
544 3186 623 3236 modo
642 3187 670 3236 in
689 3186 744 3236 vita
757 3202 819 3236 vere
834 3186 927 3236 morali
943 3186 1114 3253 conscientia,
1130 3202 1189 3236 cum
1205 3184 1283 3250 culpa
1300 3186 1382 3253 abest,

240 3281 309 3325 tacet
323 3274 356 3324 cs.
375 3276 422 3324 Dr.
441 3273 567 3340 Bavinck,
585 3273 706 3338 Psychol.
725 3290 752 3339 p.
774 3286 838 3324 112:
861 3272 986 3338 „Ingeval
1005 3289 1032 3323 er
1050 3288 1118 3338 geen
1137 3271 1229 3322 schuld
1247 3272 1279 3338 is,
1297 3271 1384 3337 zwijgt

242 3358 434 3426 „’tgeweten”.
1153 3418 1157 3425 1

277 3445 305 3512 2)
330 3446 363 3496 cf.
388 3446 455 3498 Plin.
480 3447 531 3520 Ep.
555 3445 626 3496 Trai.
652 3447 779 3496 XLVIIII
803 3445 856 3513 (ed.
882 3445 970 3512 Keil):
993 3445 1119 3511 „Dispice
1138 3461 1201 3510 ergo
1216 3445 1332 3512 domine,
1349 3461 1383 3495 an

241 3540 335 3600 „putes
352 3534 452 3600 aedem,
470 3534 512 3584 cui
531 3534 603 3584 nulla
621 3534 663 3583 lex
681 3533 751 3584 dicta
760 3541 807 3599 est,
817 3534 892 3584 salva
902 3533 1026 3598 religione
1035 3548 1114 3597 posse
1125 3531 1273 3598 transierd3
1283 3530 1384 3598 alioqui

244 3621 498 3687 ,commodissimum
516 3628 565 3687 est,
584 3621 610 3671 ai
628 3621 792 3686 religionen
811 3618 947 3686 impedit.”

275 3708 402 3758 Traianus
418 3708 443 3757 ei
459 3706 601 3772 respondet
621 3705 684 3774 (L):
710 3706 812 3774 ,Potes,
831 3707 867 3756 mi
885 3705 1005 3756 Secunde
1024 3704 1165 3772 carissime,
1183 3705 1240 3755 sine
1258 3704 1384 3755 sollicitu-

242 3795 321 3860 „dine
336 3793 481 3860 religionis,
493 3794 516 3843 si
534 3793 586 3844 loci
605 3794 702 3859 positio
721 3794 825 3844 videtur
842 3793 892 3844 hoc
911 3792 1068 3858 desiderare,
1086 3792 1177 3842 aedem
1196 3791 1288 3841 Matris
1307 3791 1384 3842 deum

171 3939 175 3944 ¹
246 3880 403 3946 „transferre
422 3881 449 3930 in
468 3897 533 3947 earn,
554 3896 620 3945 quae
639 3888 678 3930 est
697 3878 942 3930 accommodatior.”

171 3945 186 3962 μ
279 3966 308 4034 3)
334 3969 370 4019 Ut
397 3984 484 4034 capra,
512 3967 617 4016 vinculo
645 3968 760 4034 alligata,
788 3966 815 4017 id
833 3967 887 4017 sere
915 3982 969 4016 non
998 3965 1087 4031 sentit,
1115 3981 1233 4031 pascens,
1255 3970 1384 4030 quatenus

240 4054 376 4105 vinculum
394 4055 530 4121 permittit,
549 4062 603 4105 tum
622 4070 693 4121 vero,
711 4070 769 4104 curn
786 4055 911 4104 terminos
922 4053 1033 4118 excedit,
1043 4054 1131 4120 sentit,
1140 4053 1176 4102 sic
1187 4052 1264 4102 etiam
1274 4053 1385 4102 Romani

241 4141 394 4191 cohibentes
412 4156 470 4192 sese
479 4141 556 4191 certis
565 4141 668 4206 legibus
676 4141 834 4206 finibusque,
844 4141 893 4190 sibi
903 4157 919 4190 a
929 4139 1097 4206 pontificibus
1107 4139 1215 4204 traditis,
1225 4139 1386 4188 vinculorum

242 4228 292 4278 sibi
319 4243 373 4277 non
401 4227 499 4278 conscii
527 4234 608 4293 erant,
636 4234 691 4277 tum
719 4242 791 4294 vero,
818 4243 876 4276 cunr
904 4228 1027 4277 terminos
1063 4226 1233 4292 excedebant,
1257 4225 1385 4290 religione

242 4313 460 4379 impediebantur.

279 4399 308 4468 4)
332 4399 366 4450 ci.
391 4400 429 4451 M.
455 4398 562 4467 Kthler,
588 4399 634 4450 das
659 4399 805 4465 Gewissen,
830 4415 858 4464 p.
889 4407 954 4464 155:
984 4399 1142 4464 ,Immerhin
1170 4402 1311 4464 vermigen
1340 4399 1386 4447 wir

247 4486 332 4552 ,noch
348 4486 428 4536 heute
447 4487 494 4536 das
513 4487 573 4536 echt
592 4486 720 4536 romische
741 4487 859 4553 ,aliquid
868 4487 991 4552 religioni
1000 4484 1115 4536 habere''
1125 4486 1199 4537 nicht
1209 4485 1348 4536 trellender
1356 4500 1386 4535 zu

247 4574 414 4639 ,ubersetzen
432 4573 470 4623 als
491 4589 552 4640 „aus
572 4582 652 4625 etwas
670 4573 715 4624 ein
734 4573 871 4624 Gewissen
888 4572 1025 4636 machen''.
