3576 5650
786 615 831 687 35

237 801 310 899 Ep.
346 825 429 897 105.

345 923 461 998 Aliud
488 952 606 1024 agere
634 929 859 1004 conscientia
888 955 963 1005 non
992 933 1129 1028 patitur
1156 959 1201 1007 ac
1221 935 1380 1009 subinde

344 1049 571 1145 respondere
599 1051 649 1123 ad
677 1076 718 1125 se
747 1053 859 1150 cogit.

235 1200 371 1298 fragm.
408 1226 465 1294 14.

344 1324 445 1418 Quid
467 1323 531 1397 tibi
556 1325 721 1422 prodest,
748 1351 823 1400 non
847 1327 987 1402 habere
1006 1329 1207 1423 conscium,
1224 1331 1379 1407 habenti

344 1446 622 1522 conscientiam.

236 1599 372 1697 fragm.
405 1625 464 1692 24.

345 1721 445 1795 Nam
467 1719 554 1795 nihil
583 1723 748 1819 prodest,
778 1723 958 1800 inclusam
986 1753 1070 1803 esse
1098 1731 1377 1824 conscientiam,

343 1860 515 1944 patemus
543 1846 629 1920 de0.

235 1999 324 2074 Sen.
354 1999 483 2074 Contr.
520 2024 551 2073 1.
584 2024 618 2074 2.

343 2123 512 2197 Deorum
561 2123 700 2196 numini
750 2123 917 2197 subiecta
965 2127 1251 2227 uniuscuiusque
1292 2156 1379 2205 con-

343 2246 497 2321 scientia
525 2260 595 2320 est.

236 2400 366 2475 Contr.
401 2426 433 2474 2.
468 2423 501 2495 5.

344 2522 409 2596 Ad
431 2525 692 2600 excutiendam
715 2526 902 2601 muliebris
921 2529 1084 2625 pectoris
1098 2528 1374 2603 conscientiam.

235 2680 366 2754 Contr.
399 2685 434 2755 8.
471 2706 501 2756 1.

344 2803 543 2879 Confessio
570 2806 819 2882 conscientiae
846 2834 923 2882 vox
952 2823 1019 2883 est.

235 2960 341 3034 Curt.
372 2960 458 3033 Rus.
492 2985 526 3054 3.
558 2965 593 3033 6.

340 3081 591 3180 (Alexander)
633 3098 712 3157 tum
755 3083 954 3181 epistolam
997 3084 1208 3183 Philippum
1250 3083 1379 3184 legere

342 3205 466 3299 iubet3
496 3230 564 3279 nec
591 3229 615 3278 a
644 3204 748 3280 voltu
777 3204 936 3304 legentis
957 3207 1074 3281 movit
1098 3206 1238 3299 oculos,
1262 3224 1376 3299 ratuS,

342 3328 487 3427 aliquas
522 3329 771 3409 conscientiae
806 3345 915 3404 notas
952 3331 989 3404 in
1034 3331 1115 3428 ipso
1159 3355 1226 3405 ore
1265 3355 1378 3428 posse

229 3487 241 3506 ·
344 3453 640 3550 deprehendere.

236 3607 342 3681 Curt.
372 3606 459 3680 Rus.
493 3628 529 3701 5.
564 3632 621 3680 11.

291 3730 428 3802 Bessus
577 3743 706 3803 tamen
736 3726 949 3804 stimulante
977 3729 1216 3805 conscientia.

236 3868 341 3942 Curt.
373 3867 460 3940 Rus.
492 3873 526 3941 6.
559 3872 594 3942 8.

345 3989 628 4081 Nicomachum,
658 3989 839 4088 religione
867 4015 1020 4088 quoque
1041 3989 1269 4076 adstrictum,
1292 4015 1379 4062 con-

342 4112 534 4186 scientiam
563 4136 670 4185 suam
700 4136 907 4186 exonerare
934 4136 1168 4209 properasse.

236 4252 341 4326 Curt.
372 4249 458 4323 Rus.
491 4255 525 4323 6.
564 4273 621 4323 10.

344 4371 534 4462 Scelerati,
577 4371 803 4446 conscientia
846 4372 1101 4468 obstrepente,
1143 4369 1379 4444 condormire

344 4520 419 4569 non
435 4509 612 4592 possunt,
632 4493 779 4592 agitant
801 4518 867 4568 eos
882 4493 1010 4583 suriae,
1027 4517 1102 4565 non
1118 4507 1379 4566 consummato

344 4618 471 4709 modo,
500 4619 567 4691 sed
596 4616 709 4691 etiam
738 4616 906 4714 cogitato
935 4614 1145 4712 parricidio
