3576 5650
766 604 785 674 3

189 727 205 760 Ι

205 792 418 868 domesticis
459 792 673 868 excolendis
714 817 869 891 operam
907 793 1035 886 dabat,
1078 793 1114 867 in
1153 795 1345 870 notionem

204 915 451 990 conscientiae
474 915 753 1013 inquisiverunt.
781 913 863 990 Nec
886 915 1012 1009 Stoici,
1030 918 1202 1013 quamvis
1217 917 1344 1010 multa,

204 1063 305 1135 quae
338 1038 479 1112 notioni
517 1038 767 1112 conscientiae
801 1038 972 1136 proxima
1007 1055 1105 1132 sunt,
1142 1039 1344 1140 attingunt,

204 1161 325 1259 ipsam
363 1163 568 1253 notionem,
607 1159 728 1259 qualis
761 1186 869 1236 cursu
904 1177 1118 1260 temporum
1146 1188 1346 1261 progressa

204 1283 262 1373 sit,
290 1300 464 1360 tractant.

259 1407 386 1504 Igitur,
423 1407 454 1481 si
491 1406 676 1504 inquirere
713 1407 821 1482 nobis
856 1407 1047 1504 inanimo
1076 1424 1144 1501 est,
1175 1435 1272 1506 quae
1300 1409 1348 1484 sit

206 1530 313 1629 origo
356 1530 462 1605 verbi
498 1546 613 1628 atque
655 1529 817 1605 notionis
854 1531 1113 1623 conscientiae,
1153 1532 1346 1628 quomodo

205 1652 386 1752 paulatim
419 1651 478 1727 vis
495 1642 586 1727 'eius
612 1653 715 1727 vocis
742 1654 957 1742 accreverit,
986 1668 1102 1750 atque
1130 1653 1234 1728 notio
1262 1679 1347 1727 con·

204 1777 382 1851 scientiae
417 1802 457 1851 se
495 1774 688 1867 evolverit,
726 1776 829 1873 ipsos
861 1776 1060 1874 scriptores
1083 1774 1218 1852 latinos
1246 1777 1347 1851 inda·

204 1925 339 1998 gemus
376 1913 491 2006 atque
527 1898 750 1996 praecipuos
791 1897 894 1972 locos
935 1923 1067 1973 omnes
1108 1898 1348 1998 perlegamus

206 2021 560 2121 perpendamusque
588 2046 742 2095 necesse
769 2035 837 2095 est.

261 2145 385 2218 Primo
409 2144 520 2242 igitur
544 2141 612 2236 loci
636 2142 825 2242 praecipui
846 2159 1122 2236 enumerantur,
1147 2144 1209 2218 ubi
1233 2170 1348 2219 voces

206 2294 307 2366 quae
340 2283 426 2341 sunt
463 2267 626 2341 conscius
658 2283 772 2365 atque
809 2267 1028 2340 conscientia
1056 2265 1240 2365 leguntur,
1271 2291 1348 2341 om·

207 2392 307 2467 nium
345 2391 565 2488 scriptorum
602 2388 751 2482 scilicet,
790 2389 854 2486 qui
888 2389 938 2464 ab
966 2389 1069 2464 initio
1097 2388 1348 2487 reipublicae

205 2540 325 2614 usque
361 2513 410 2587 ad
448 2512 561 2587 linem
595 2510 732 2586 saeculi
770 2512 922 2586 secundi
956 2539 992 2610 p.
1033 2511 1076 2586 C.
1106 2536 1141 2586 n.
1171 2511 1348 2611 scriptum

207 2636 360 2735 aliquod
397 2634 636 2733 reliquerunt.

260 2761 409 2835 Deinde
446 2759 639 2858 inquiritur
673 2759 709 2832 in
747 2758 1024 2851 conscientiam,
1068 2784 1167 2856 quae
1196 2771 1349 2857 'spectet

205 2885 256 2960 ad
303 2881 533 2983 religionem,
585 2897 700 2980 atque
749 2882 957 2956 ostenditur
997 2882 1153 2956 deorum
1195 2880 1348 2974 cultum,

205 3007 294 3105 quia
318 3004 425 3080 nimis
449 3007 486 3079 in
503 3005 628 3103 specie
643 3021 866 3098 versaretur,
882 3004 1133 3103 impedivisse,
1149 3003 1349 3101 quominus

206 3130 310 3205 notio
339 3129 588 3204 conscientiae
616 3154 659 3202 se
686 3125 890 3203 evolveret.

261 3253 436 3350 Denique
487 3251 610 3348 agitur
661 3251 710 3324 de
760 3250 997 3339 conscientia,
1047 3275 1145 3348 quae
1193 3250 1230 3323 in
1271 3250 1349 3324 vita

206 3376 448 3474 moribusque
483 3375 741 3448 Romanorum
778 3372 936 3466 eluceat,
965 3373 1232 3471 indicaturque,
1261 3373 1350 3470 quid

206 3497 445 3600 philosophia
508 3497 545 3570 in
605 3497 854 3572 conscientiae
917 3496 1085 3570 doctrina
1138 3494 1351 3571 evolvenda

206 3622 441 3722 praestiterit.

262 3745 481 3843 Priusquam
519 3768 611 3818 vero
648 3743 746 3817 hunc
783 3743 951 3816 ordinem
978 3759 1192 3839 sequamur,
1222 3742 1351 3839 paucis

207 3869 343 3960 verbiS,
383 3867 473 3965 quid
501 3866 548 3941 sit
575 3866 626 3957 id,
657 3867 705 3940 de
733 3891 809 3963 quo
838 3866 1082 3964 disputemus
1111 3863 1348 3937 disseramus.

208 3993 288 4067 lam
318 3991 450 4066 Cicero
479 3990 578 4082 dicit,
607 3989 655 4064 de
684 3989 759 4064 Off.
797 4015 827 4078 1,
860 4009 903 4083 7:

268 4115 423 4209 ,Omnis
451 4113 562 4205 enim,
593 4137 691 4210 quae
719 4139 742 4186 a
771 4112 915 4187 ratione
939 4109 1133 4207 suscipitur
1157 4109 1204 4182 de
1226 4107 1350 4206 aliqua

214 4264 288 4334 ,re,
317 4237 509 4324 institutio,
540 4236 654 4311 debet
680 4261 704 4309 a
728 4235 944 4310 definitione
966 4233 1159 4332 proficisci,
1185 4248 1225 4306 ut
1247 4231 1351 4307 intel·

215 4359 394 4459 ,legatur‚
424 4359 514 4457 quid
542 4359 588 4433 sit
616 4359 665 4451 id,
696 4359 744 4433 de
771 4383 848 4456 quo
876 4355 1123 4455 disputetur.''

263 4482 485 4557 Praesertim
522 4483 559 4555 in
593 4481 806 4556 definienda
835 4480 989 4555 notione
1015 4478 1265 4554 conscientiae
1292 4477 1353 4554 alii

209 4606 277 4682 viri
319 4606 417 4680 docti
460 4602 534 4679 alio
571 4605 685 4679 modo
722 4603 990 4677 iudicaverunt.
