3576 5650
751 608 793 677 31

205 796 287 871 Liv.
321 821 380 891 23.
414 817 448 890 7.
1136 881 1144 892 ,

314 919 394 992 Nec
429 945 505 1017 quo
540 919 712 994 timorem
745 919 907 1017 aliquem
942 945 990 993 ex
1018 920 1245 993 conscientia
1273 919 1346 1018 sig-

312 1041 462 1115 nificare
490 1059 631 1139 posset,
662 1042 808 1140 privato
837 1067 879 1116 se
907 1042 1038 1116 tenuit.

205 1179 286 1252 Liv.
321 1185 380 1252 26.
413 1204 473 1274 33.

313 1302 457 1376 Paucos
484 1327 691 1399 superesse,
721 1328 817 1400 quos
846 1327 914 1376 nec
943 1327 1011 1376 sua
1035 1303 1275 1394 conscientia,
1305 1319 1346 1378 ut

312 1425 512 1521 quicquam
541 1425 589 1498 de
617 1451 658 1499 se
686 1423 840 1524 gravius
868 1424 1117 1517 consulerent,
1147 1424 1343 1523 impulerit.

204 1562 286 1636 Liv.
321 1587 380 1655 29.
413 1568 474 1656 36.

313 1685 449 1758 Postea
490 1685 717 1758 conscientia
758 1685 906 1758 sibimet
946 1686 1016 1783 ipsi
1051 1684 1218 1759 exsilium
1257 1711 1343 1759 con·

311 1807 522 1882 sciscentes
1088 1793 1093 1804 ¹

204 1946 286 2019 Liv.
320 1971 380 2040 33.
415 1950 474 2020 28.

311 2069 524 2166 Zeuxippus
544 2068 708 2165 perfugit
731 2069 963 2165 Tanagram,
986 2092 1093 2141 suam
1118 2069 1239 2167 magis
1260 2094 1346 2143 con-

311 2191 504 2264 scientiam
533 2215 647 2287 quam
676 2190 851 2264 iudicium
880 2190 1074 2265 hominum
1103 2189 1236 2265 nullius
1260 2216 1346 2265 con-

311 2315 470 2388 sciorum
501 2329 776 2388 metuens...

204 2451 286 2526 Liv.
321 2477 381 2546 33.
417 2456 475 2526 28.

313 2574 540 2648 conscientia
568 2573 661 2647 ictus
680 2633 687 2647 .
706 2631 714 2647 .
734 2633 741 2647 .
761 2632 768 2648 .
800 2575 931 2672 aperit.

206 2713 301 2788 Hor.
331 2713 454 2811 Epod.
488 2736 521 2807 5.
555 2738 614 2806 29.
655 2701 661 2710 ’

310 2837 461 2910 Abacta
489 2833 590 2908 nulla
618 2835 713 2908 Veia
741 2837 967 2909 conscientia

312 2958 517 3057 Ligonibus
546 2957 646 3031 duris
675 2959 829 3032 humum

310 3080 565 3153 Exhauriebat
593 3080 789 3177 ingemens
820 3078 1021 3155 laboribus.

202 3215 295 3291 Plin.
327 3218 414 3291 Nat.
448 3242 507 3311 29.
541 3241 602 3311 33.

310 3338 583 3413 Salamandrae
618 3399 624 3412 .
653 3399 660 3413 .
688 3400 730 3415 ..
770 3339 891 3437 perire
921 3339 1148 3414 conscientia
1177 3337 1348 3413 dicuntur

311 3463 461 3537 homine
490 3487 679 3562 percussu.

201 3600 294 3674 Plin.
325 3601 395 3698 Ep.
432 3626 462 3674 1.
497 3623 531 3694 5.

309 3724 417 3795 Nunc
455 3748 547 3821 ergo
589 3723 817 3797 conscientia
858 3720 1054 3796 exterritus
1096 3720 1346 3818 adprehendit

310 3845 514 3920 Caecilium
544 3845 730 3920 Celerem.

426 4123 465 4180 to
517 4107 659 4182 maiore
711 4105 836 4179 animo
879 4104 1087 4178 honestatis
1128 4103 1268 4175 fructus
1311 4101 1347 4173 in

310 4229 538 4303 conscientia
568 4255 683 4326 quam
712 4228 747 4300 in
777 4229 877 4302 sama
903 4243 1116 4325 reponatur.

200 4353 276 4450 Ep.
313 4377 342 4426 1.
377 4377 437 4426 22.
1355 4437 1361 4448 ι

312 4474 539 4573 Magnitudo
562 4473 688 4565 animi,
718 4497 816 4570 quae
846 4472 973 4546 omnia
1001 4471 1050 4544 ad
1079 4469 1346 4545 conscientiam

310 4597 434 4671 refert.
