3528 5644
970 580 1022 647 94

421 770 514 843 fiunt
550 767 708 855 scelesti,
746 780 862 863 atque
899 766 1010 840 timor
1045 793 1112 842 eos
1149 768 1382 842 exanimatos
1418 769 1570 842 invadit

427 891 486 985 „id
513 889 629 989 quod,
658 889 777 986 inquit
806 888 951 981 Cicer0„
987 889 1088 984 „fieri
1115 889 1250 964 solet.’'

474 1013 578 1087 Bene
628 1012 813 1087 sactorum
862 1028 989 1085 autem
1031 995 1258 1087 conscientia
1298 1011 1567 1088 iucundissima

420 1150 585 1234 putatur,
607 1135 874 1232 hominemque
896 1134 1005 1233 erigit
1028 1150 1066 1209 et
1089 1151 1285 1210 sustentat.
1311 1137 1413 1210 Inter
1433 1162 1569 1210 omnes

420 1259 619 1354 scriptores
661 1258 794 1332 Cicero
835 1258 1054 1355 saepissime
1095 1259 1144 1334 de
1187 1259 1415 1334 conscientia
1452 1260 1568 1332 maxi·

422 1407 568 1456 morum
604 1407 648 1455 ae
685 1379 1017 1478 pulcherrimorum
1053 1382 1236 1456 sactorum
1274 1408 1426 1456 suorum
1464 1382 1566 1456 dicit.

476 1504 726 1602 Quantopere
751 1503 820 1576 sibi
849 1501 1016 1601 placeret
1042 1519 1080 1580 et
1107 1505 1192 1578 hinc
1212 1505 1312 1578 bene
1334 1503 1567 1602 perspicitur.

423 1623 602 1701 Nonnulli
638 1651 731 1700 vero
767 1624 839 1699 loci
876 1625 1042 1701 Stoicam
1080 1623 1278 1730 αὐτάρκειαν
1315 1651 1450 1723 sapere
1478 1626 1568 1699 mihi

420 1750 604 1842 videntur„
634 1750 682 1822 de
710 1773 786 1846 qua
813 1749 908 1822 insra
936 1750 1086 1824 uberius
1114 1749 1279 1822 dicturus
1308 1775 1403 1823 sum.

476 1873 652 1970 Denique
679 1898 756 1946 vox
785 1872 1011 1946 conscientia
1038 1871 1223 1970 significat
1256 1869 1569 1965 „schuldbewust-

422 1993 518 2096 zijn''
575 2009 640 2070 aut
701 1994 932 2094 „geweten,''
985 1995 1080 2069 inter
1130 2021 1226 2092 quas
1275 1994 1569 2092 significationes

423 2118 572 2216 saepius
601 2117 815 2216 ambigitur.

476 2240 574 2333 Vox,
604 2266 703 2338 quae
731 2255 789 2315 est
812 2240 1051 2333 conscientia,
1076 2241 1235 2337 primum
1259 2240 1446 2314 invenitur
1466 2240 1569 2337 apud

425 2363 647 2439 Ciceronem
683 2363 720 2436 in
756 2388 803 2438 ea
837 2363 1020 2456 oratione,
1060 2389 1174 2462 quam
1205 2389 1305 2438 anno
1335 2363 1570 2462 octogesimo

425 2513 460 2562 a.
491 2487 535 2562 C.
565 2513 601 2561 n.
631 2512 699 2584 pro
728 2487 766 2561 S.
797 2487 909 2561 Rosc.
940 2487 1030 2562 Am.
1060 2486 1202 2562 habuit.

483 2607 631 2705 „Nolite
655 2609 755 2684 enim
778 2609 937 2706 putare''
963 2608 1082 2706 inquit
1112 2635 1199 2703 „eos
1223 2609 1286 2706 qui
1309 2607 1570 2705 aliquid'com-

428 2732 615 2828 „miserint
659 2731 794 2829 agitari
836 2747 874 2805 et
910 2732 1106 2828 perterreri
1143 2732 1316 2806 taedibus
1350 2731 1568 2805 ardentibus

428 2854 666 2950 „Furiarum3
708 2880 800 2927 suae
838 2880 1027 2952 quemque
1055 2853 1177 2929 malae
1205 2855 1455 2953 cogitationes
1483 2879 1570 2928 con·

429 2977 702 3075 „scientiaeque
748 2975 861 3051 animi
906 2991 1066 3071 terrent3
1103 2978 1175 3051 hae
1212 2993 1299 3051 sunt
1335 2976 1568 3051 domesticae

429 3100 624 3197 „Furiae”
679 3101 756 3198 (24.
815 3102 891 3198 67).
937 3101 1016 3173 Iam
1059 3101 1095 3173 in
1138 3100 1260 3197 capite
1302 3099 1468 3174 secundo
1511 3098 1561 3172 de
1611 3119 1614 3124 ·

424 3225 495 3299 hoc
536 3222 620 3299 loco
662 3221 840 3297 nonnulla
881 3223 1019 3321 scripsi.
1064 3224 1214 3299 Aetatis
1256 3224 1446 3298 Ciceronis
1487 3238 1571 3297 erat

423 3346 589 3421 omnium
605 3344 946 3420 commenticiarum
960 3344 1170 3420 fabularum
1185 3346 1369 3421 rationem
1384 3346 1542 3420 reddere
1556 3381 1565 3440 3

424 3469 552 3565 itaque
603 3481 641 3541 et
693 3467 824 3544 Cicero
877 3469 1072 3544 Romanos
1114 3470 1247 3545 Furias
1289 3495 1364 3544 non
1407 3468 1569 3543 existere

316 3643 319 3650 -
425 3592 536 3664 docet
564 3614 688 3686 neque
716 3591 945 3666 extrinsecus
971 3592 1112 3667 venire.

478 3713 625 3788 Eadem
654 3712 731 3787 iere
758 3714 859 3811 apud
889 3713 1043 3808 Quintil.
1074 3713 1181 3790 Decl.
1215 3739 1291 3810 314
1319 3713 1475 3811 legitur:

429 3836 536 3933 „Nec
563 3852 690 3911 tamen
719 3834 780 3910 illa
809 3836 899 3909 mihi
926 3862 1026 3911 vana
1055 3838 1291 3934 quorundam
1312 3836 1460 3910 videtur
1483 3861 1569 3910 esse

430 3958 656 4062 „persuasio
695 3959 758 4057 qui
796 3959 951 4034 credunt
986 3985 1061 4034 non
1097 3961 1324 4035 extrinsecus
1357 3960 1427 4033 has
1454 3959 1569 4033 furias

431 4085 592 4179 „venire
622 4107 690 4157 nec
718 4080 825 4155 ullius
853 4083 1011 4157 deorum
1039 4083 1199 4180 impulsu
1227 4085 1324 4159 hanc
1346 4082 1568 4157 mortalibus

432 4206 622 4302 „incidisse
659 4204 888 4279 dementiam
925 4207 993 4280 sed
1029 4206 1130 4279 nasci
1158 4207 1273 4302 intus;
1303 4205 1568 4280 conscientiam

433 4354 548 4423 „esse
577 4353 677 4426 quae
704 4342 891 4425 torqueat„
920 4327 1085 4404 animum
1114 4356 1208 4421 esse,
1239 4330 1301 4427 qui
1330 4328 1449 4404 urat.''

481 4449 613 4524 Cicero
655 4448 739 4524 loco
781 4451 897 4524 modo
934 4449 1088 4526 laudato
1127 4453 1247 4527 forma
1284 4450 1416 4548 plurali
1460 4477 1568 4545 „con—

432 4553 629 4668 „scientiae
649 4572 787 4648 animi'’
813 4575 936 4668 utitur,
958 4575 1117 4672 vocique
1136 4575 1383 4650 conscientiae
1399 4574 1568 4673 adiungit
