3528 5644
752 587 797 658 81

253 797 376 870 Immo
436 796 539 894 apud
600 791 837 870 Litctantium
887 797 992 894 (Inst.
1054 799 1128 873 div.
1184 824 1218 894 3.
1284 803 1344 898 17)

198 918 361 1017 legimus
403 919 598 994 Romanos
640 920 689 993 ab
730 919 893 1016 Epicuro
934 921 1106 994 didicisse
1149 924 1346 1019 ,sapientis

206 1068 311 1135 ,esse
352 1041 588 1130 malefacere,
628 1042 658 1114 si
696 1057 734 1116 et
771 1041 860 1116 utile
893 1057 932 1116 et
968 1043 1128 1117 tutum.”
1166 1044 1347 1118 Romanis

206 1165 259 1258 ,si
293 1165 379 1238 iusti
416 1189 501 1238 esse
536 1163 678 1238 velint”
708 1165 826 1262 inquit
855 1164 1073 1238 Carneades
1108 1165 1202 1257 ,hoc
1230 1181 1288 1239 est
1315 1167 1345 1239 si

206 1288 258 1382 ,si
292 1285 415 1360 aliena
451 1287 660 1377 restituant,
694 1287 743 1360 ad
781 1313 890 1360 casas
926 1312 1010 1360 esse
1044 1287 1278 1362 redeundum
1307 1304 1346 1362 et

201 1411 238 1483 in
268 1425 443 1508 egestate
479 1435 524 1483 ac
561 1409 717 1483 miseriis
745 1409 969 1484 iacendum”
1000 1411 1120 1508 (Lact.
1152 1411 1240 1486 Inst.
1270 1411 1344 1484 div.

203 1554 238 1627 5.
284 1533 356 1628 17).
397 1531 493 1605 Cum
531 1547 660 1606 autem
698 1530 839 1606 utilitas
872 1532 974 1630 apud
1003 1532 1197 1606 Romanos
1226 1534 1347 1631 magis

201 1654 401 1752 magisque
425 1679 558 1727 norma
582 1653 735 1727 vivendi
753 1653 871 1744 fieret,
885 1678 978 1728 vcra
993 1653 1183 1742 honestas,
1199 1681 1346 1729 summa

201 1802 335 1851 norma
372 1776 584 1868 deficiente,
613 1776 755 1850 deerat.
787 1775 931 1850 Civitas
959 1801 1083 1850 mores
1111 1775 1346 1874 religionem·

200 1925 275 1998 que
297 1900 538 1996 gubernabat
556 1913 674 1995 atque
698 1923 857 1972 censura
885 1923 1053 1991 ,morum
1069 1899 1346 1972 severissimum

202 2019 486 2120 magisterium”
512 2020 640 2094 fiebat.
670 2021 717 2094 cs.
748 2020 911 2117 lhering,
941 2019 1050 2095 Gcist
1077 2020 1113 2094 d.
1142 2020 1252 2094 Rom.
1282 2021 1343 2113 R,

200 2174 238 2245 p.
287 2169 383 2239 342:
429 2143 505 2217 Die
539 2168 616 2217 von
652 2143 721 2217 der
756 2142 932 2242 Religion
969 2153 1184 2218 vers'aunrte
1222 2142 1345 2216 Moral

207 2268 320 2364 ,wird
347 2265 472 2341 Sache
498 2265 566 2340 der
593 2263 998 2364 Staatsverwaltung.”

256 2391 445 2466 Censores
472 2389 638 2464 moribus
667 2388 846 2486 praefecti
874 2402 981 2462 crant
994 2389 1035 2486 ²).

255 2513 314 2588 Cs.
340 2513 418 2588 Cic.
449 2509 597 2586 Cluent.
633 2535 723 2605 129:
748 2510 830 2605 ,Tu
859 2537 901 2584 es
927 2511 1139 2608 praefectus
1167 2511 1343 2603 moribus,

205 2652 269 2732 ,tu
297 2635 477 2733 magister
502 2634 640 2708 veteris
667 2631 884 2731 disciplinae
910 2658 955 2708 ac
975 2633 1223 2708 severitatis.''
1250 2634 1345 2708 Cen-

197 2785 327 2834 sorum
383 2756 555 2831 iudicium
610 2756 823 2846 damnatos,
878 2756 1013 2830 rubore
1068 2755 1261 2847 excitatos,
1306 2771 1346 2830 ut

197 2908 325 2957 rursus
357 2880 462 2979 digni
489 2878 631 2954 civibus
658 2879 734 2958 suis
760 2877 987 2968 viderentur,
1016 2878 1289 2953 adhortabatur
1302 2877 1342 2976 ³).

253 3005 537 3092 Verumtamen,
567 3027 799 3101 quamquam
826 3000 876 3075 ad
904 3000 955 3076 rei
984 2999 1155 3098 publicae
1178 3003 1341 3076 rationes

198 3107 326 3202 omnia
363 3124 620 3201 referebantur
655 3124 853 3222 potiorque
897 3123 1014 3217 ,utilis
1052 3147 1165 3221 quarn
1197 3123 1344 3196 honesti

197 3275 288 3326 cura
301 3248 355 3347 4)”
393 3273 478 3324 esse
509 3247 720 3338 videbatur,
750 3246 890 3343 passim
905 3237 954 3320 'in
983 3244 1188 3320 litterarum
1216 3270 1344 3319 monu-

197 3464 388 3478 ..ῃ-..-

239 3590 266 3658 t)
289 3588 402 3654 Bussell,
427 3587 485 3638 The
513 3585 605 3637 school
629 3584 660 3635 of
684 3584 769 3652 Pluto,
796 3601 824 3650 p.
849 3597 911 3652 211,
935 3586 1003 3636 hanc
1027 3586 1097 3636 vitae
1114 3602 1268 3654 morumque
1284 3603 1345 3638 con-

196 3677 365 3730 suetudinem
383 3681 474 3740 argnte
492 3679 569 3724 vocnt
590 3671 800 3737 ,state-conscius
818 3672 969 3738 morality’'.

235 3763 266 3831 2)
289 3763 322 3814 cs.
347 3762 478 3826 Knrlown,
495 3760 573 3810 Rdm.
591 3758 829 3825 Rechtsgesch.,1,
848 3775 875 3824 p.
896 3759 962 3824 236:
985 3760 1053 3826 „Die
1071 3760 1205 3811 Censoren
1224 3761 1283 3811 sind
1301 3761 1344 3812 die

199 3851 343 3917 ,otganen
361 3848 408 3898 des
426 3846 597 3898 dffentlichen
617 3844 795 3896 Gewissens''.

235 3937 266 4005 3)
288 3936 322 3987 cs.
347 3935 406 3985 Vel.
430 3935 501 3984 Max.
527 3946 552 3984 2.
579 3946 604 3996 9.
629 3945 661 3999 93
685 3933 809 3982 memoria
833 3931 914 3998 digna
932 3939 993 3982 sunt
1011 3947 1051 3998 ea,
1070 3947 1137 3997 quae
1155 3932 1188 3982 de
1207 3948 1344 3983 censorum

196 4024 297 4076 iudicio
326 4022 399 4088 apud
428 4021 581 4072 Ciceronem
605 4019 728 4084 leguntur
751 4019 797 4086 (de
822 4019 895 4070 Orat.
920 4033 945 4068 2.
960 4017 1038 4085 367):
1057 4019 1108 4083 ,Et
1127 4019 1243 4084 Catulus,
1263 4020 1344 4084 Quid,

200 4110 292 4178 ,quod
315 4110 415 4175 dixisti,
440 4108 538 4174 inquit,
557 4108 660 4173 Crasse,
679 4105 701 4155 si
719 4105 763 4156 hic
781 4105 861 4156 hodie
880 4105 950 4171 apud
970 4111 995 4155 te
1013 4120 1184 4171 maneremus,
1202 4112 1228 4155 te
1246 4121 1344 4155 morem

200 4197 297 4265 ,nobis
321 4213 378 4248 esse
405 4204 537 4263 gesturum
556 4194 659 4244 nihilne
679 4193 716 4242 ad
722 4193 804 4261 fidem
824 4201 898 4243 tuam
918 4200 995 4258 putes
1014 4193 1160 4258 pertinere?
1180 4194 1246 4243 Tum
1266 4193 1344 4244 Cotta

199 4284 313 4351 ,ridens,
336 4285 443 4333 Possem
467 4281 526 4347 tibi,
552 4280 648 4346 iuquit,
674 4280 775 4345 Crasse,
795 4279 954 4329 concedere:
974 4281 1019 4329 sed
1032 4280 1099 4344 vide,
1117 4280 1216 4345 nequid
1233 4279 1346 4329 Catulus

200 4371 344 4438 ,attulerit
361 4369 561 4434 religionis.
582 4367 653 4433 Opus
672 4367 719 4417 hoc
736 4367 879 4417 censorium
898 4365 961 4416 est.‘'
978 4367 1061 4416 Recte
1079 4365 1141 4416 huic
1158 4366 1218 4417 ioco
1237 4367 1344 4417 adnotat

197 4457 310 4508 Piderit:
338 4456 421 4522 ,Eine
445 4453 697 4520 Gewissenspflicht,
723 4453 769 4502 der
793 4469 853 4502 man
878 4453 935 4502 also
963 4453 1033 4501 nicht
1064 4453 1259 4503 auszuweichen
1279 4452 1345 4520 dart',

198 4559 294 4612 ,wenn
312 4559 372 4593 man
390 4543 447 4592 sich
466 4542 540 4593 nicht
558 4542 602 4592 die
620 4547 685 4592 nota
703 4541 822 4590 censoria
840 4540 968 4589 zuziehen
986 4537 1068 4590 will.''

234 4631 265 4700 4)
283 4630 317 4681 cs.
336 4631 395 4680 Liv.
414 4643 459 4694 42.
477 4639 522 4693 47.

1211 4726 1228 4776 6
