3576 5650
1008 573 1054 624 10

461 763 551 837 Luc.
583 763 711 837 Phars.
745 783 779 859 7.
812 765 899 857 784.

568 886 617 959 Et
641 900 822 983 quantum
846 909 994 983 poenae
1018 885 1153 962 misero
1175 911 1281 960 mens
1304 883 1454 960 conscia
1473 883 1603 957 donat.

456 1008 588 1104 Juven.
625 1034 682 1104 13.
718 1030 936 1104 192—195.

568 1131 646 1206 Cur
681 1148 808 1207 tamen
845 1132 915 1206 hos
951 1147 992 1206 tu

568 1254 743 1331 Evasisse
770 1271 892 1353 putes
923 1280 1019 1353 quos
1045 1253 1125 1328 dira
1154 1253 1303 1328 conscia
1329 1253 1416 1327 sacti

568 1377 678 1452 Mens
706 1377 823 1452 habet
850 1377 1031 1451 attonitos
1057 1393 1095 1451 et
1122 1376 1237 1450 surdo
1264 1375 1423 1450 verbere
1450 1372 1572 1447 caedit

568 1498 766 1574 Occultum
795 1499 988 1598 quatiente
1014 1499 1142 1574 animo
1170 1514 1314 1573 tortore
1342 1496 1548 1596 flagellum.

463 1621 607 1695 Fronto
636 1649 672 1720 p.
709 1627 793 1696 182.
829 1644 871 1717 15
906 1619 956 1696 N.
1365 1711 1368 1716 ,

568 1743 638 1816 Cui
679 1745 731 1818 rei
773 1744 941 1819 mihimet
982 1744 1062 1841 ipse
1105 1743 1273 1818 conscius
1316 1769 1410 1835 sum,
1459 1739 1629 1818 ceteros

568 1891 721 1965 quoque
750 1893 882 1942 omnes
910 1867 1011 1941 iuxta
1040 1891 1187 1941 mecum
1215 1866 1309 1941 scire
1337 1864 1461 1941 velim.

919 2315 1152 2378 Conscientia.

799 2513 828 2586 I
853 2513 1072 2587 Communis
1098 2512 1263 2586 scientia.

463 2727 573 2802 Caes.
604 2729 652 2803 de
680 2729 721 2804 B.
753 2728 814 2804 Al.
846 2735 907 2823 63.

571 2851 672 2926 Nam
701 2853 750 2926 de
777 2853 885 2926 huius
914 2850 1141 2925 conscientia
1165 2849 1416 2923 dubitabatur.

465 2973 540 3049 Cic.
570 2975 678 3050 Verr.
711 3001 744 3070 3.
780 2996 863 3071 177.

570 3096 1065 3197 Obiigentur-communi
1094 3096 1188 3170 inter
1216 3121 1257 3168 se
1286 3095 1522 3170 conscientia.

464 3221 571 3296 Verr.
604 3245 638 3317 5.
675 3245 759 3318 155.

571 3344 761 3436 Quoniam
801 3344 924 3442 priore
965 3344 1112 3418 actione
1273 3340 1498 3416 conscientia
1539 3356 1606 3414 tua

571 3481 686 3563 atque
712 3467 933 3541 auctoritate
957 3492 1127 3540 meorum
1148 3465 1296 3539 testium
1313 3479 1448 3540 testem
1464 3461 1604 3536 nullum

570 3587 819 3686 interrogasti.
996 3595 1000 3604 “

463 3706 571 3783 Verr.
604 3716 637 3784 6.
674 3715 758 3805 183.

571 3831 657 3908 Illos
693 3835 879 3933 persequi,
919 3834 968 3907 ad
1005 3858 1101 3931 quos
1137 3832 1386 3907 conscientiae
1427 3831 1604 3930 contagio

569 3957 780 4054 pertinebit.

465 4077 611 4154 Cluent.
645 4087 705 4174 56.

572 4201 737 4275 Consilia
763 4201 1084 4299 conscientiasque
1113 4201 1294 4276 eiusmodi
1322 4201 1538 4275 facinorum.

466 4322 611 4397 Cluent.
644 4329 704 4397 81.

569 4446 746 4521 Fabriciis
774 4462 927 4546 propter
955 4448 1222 4522 conscientiam
1247 4448 1320 4521 rnei
1344 4445 1495 4520 sceleris
1518 4471 1605 4520 con·

571 4569 765 4645 demnatis
855 4577 860 4586 '
