3576 5650
987 576 1037 666 48

447 787 538 861 Ben.
569 811 605 882 4.
641 811 698 860 12.

551 907 699 982 Eadem
726 909 762 982 in
790 907 980 982 beneficiis
1008 907 1104 982 ratio
1132 921 1188 982 est
1217 933 1305 981 narn
1329 933 1414 981 cum
1437 908 1601 983 interro·

550 1031 712 1130 gavero,
741 1031 831 1128 quid
864 1030 1009 1122 reddat,
1043 1031 1296 1129 respondeb0‚
1330 1031 1471 1105 bonam
1502 1057 1598 1106 con-

553 1153 757 1228 scientiam.

446 1293 536 1366 Ben.
566 1317 602 1386 4.
637 1317 696 1366 22.

554 1415 659 1489 Licet
687 1415 807 1512 ipsum
837 1441 973 1512 corpus
1000 1415 1102 1488 bona
1130 1413 1358 1488 conscientia
1386 1411 1507 1488 stillet.

447 1552 534 1628 Sen.
565 1551 663 1626 Dial.
697 1572 730 1647 7.
769 1577 825 1645 19.
856 1553 919 1648 (de
948 1553 1026 1627 vita
1055 1552 1196 1648 beata).

554 1672 621 1748 llle
647 1674 791 1748 interim
816 1675 950 1749 beatus
978 1702 1022 1749 ac
1050 1672 1184 1772 plenus
1212 1674 1314 1747 bona
1342 1672 1585 1746 conscientia.

449 1811 548 1886 Dial.
582 1833 614 1907 7.
648 1836 707 1886 20.

553 1934 732 2009 Testatus
752 1935 876 2027 exib0‚
900 1937 1037 2010 bonam
1064 1961 1124 2010 me
1144 1934 1411 2009 conscientiam
1426 1944 1588 2008 am'asse.

450 2070 548 2146 Dial.
579 2100 614 2165 9.
648 2096 681 2166 3.

555 2195 826 2291 Quantumque
874 2195 1097 2269 adiutorium
1149 2194 1341 2268 hominum
1393 2194 1439 2268 sit
1489 2195 1592 2269 bona

555 2317 793 2392 conscientia.

449 2455 522 2554 Ep.
559 2479 618 2550 23.

557 2578 616 2650 Ex
643 2577 744 2650 bona
772 2575 1010 2668 conscientia,
1039 2603 1086 2650 ex
1114 2576 1281 2651 honestis
1309 2577 1481 2652 consiliis
1541 2635 1545 2644 .

448 2717 520 2814 Ep·
552 2736 614 2810 97·

557 2838 612 2911 At
648 2837 749 2910 bona
788 2837 1015 2912 conscientia
1048 2838 1197 2935 prodire
1225 2837 1306 2911 vult
1333 2855 1371 2913 et
1399 2838 1589 2936 conspici:

555 2961 656 3057 ipsas
684 2961 849 3057 nequitia
876 2961 1052 3034 tenebras
1075 2961 1194 3035 timet.

451 3101 520 3198 Ep.
558 3121 641 3196 117.

558 3222 638 3296 Nec
667 3221 875 3295 consentire
902 3218 1008 3295 salva
1037 3220 1263 3295 conscientia
1292 3247 1458 3318 possum.

451 3345 539 3420 Sen.
571 3346 618 3419 N.
649 3346 699 3439 Q.
729 3343 849 3418 Praef.
880 3369 916 3437 4.
954 3367 1011 3440 15.

560 3465 711 3540 Nullum
748 3467 916 3557 verbum,
956 3468 1059 3563 quod
1097 3492 1171 3540 non
1209 3463 1315 3540 salva
1357 3466 1457 3540 bona
1501 3492 1590 3541 con-

557 3590 711 3664 scientia
739 3589 971 3686 procederet,
1003 3589 1090 3662 mihi
1119 3615 1315 3663 excussum
1344 3604 1414 3663 est.

453 3714 556 3787 Curt.
587 3713 672 3787 Ruf.
704 3718 738 3786 6.
776 3736 832 3786 10.

561 3837 660 3909 Inter
685 3835 865 3932 optimam
890 3835 1155 3909 conscientiam
1177 3851 1214 3909 et
1234 3834 1501 3933 iniquissimam
1518 3834 1592 3940 sor·

560 3974 689 4032 tunam
718 3958 926 4032 destitutus

454 4080 538 4156 Val.
571 4082 673 4154 Max,
705 4106 741 4174 4.
774 4100 806 4173 7.

561 4206 602 4278 In
617 4204 760 4301 optimo
777 4203 983 4277 laudabilis
996 4202 1245 4276 conscientiae
1261 4218 1370 4299 portu
1384 4199 1596 4299 relinquen-

562 4328 631 4401 dus
655 4341 722 4400 est.

456 4447 609 4544 Quintil.
641 4446 747 4522 Decl.
780 4471 866 4541 310.

565 4570 651 4644 Hoc
679 4595 753 4643 non
782 4571 861 4644 sine
888 4571 990 4645 bona
1018 4570 1243 4645 conscientia
1273 4568 1369 4644 fecit.
