3576 5650
657 1462 836 1537 CAPUT
863 1464 909 1538 ll.

331 1865 409 1944 Quo
432 1867 475 1928 de
499 1866 665 1944 religione
689 1868 814 1944 agitur,
838 1869 1010 1942 quatenus
1034 1870 1169 1943 spectat
1191 1867 1236 1928 ad

651 1973 918 2034 conscientiam.

266 2138 290 2233 ξ
333 2161 363 2211 1.
397 2137 499 2212 Tota
536 2136 667 2211 civitas
704 2136 878 2212 Romana
912 2164 997 2213 cum
1030 2135 1212 2234 religione
1240 2164 1354 2236 quam

209 2261 395 2335 artissime
423 2261 621 2334 coniuncta
648 2276 740 2335 erat.
1184 2347 1188 2354 ι

268 2383 427 2458 Veteres
462 2384 624 2457 Romani
659 2408 764 2477 „cum
800 2384 837 2456 in
866 2383 1039 2458 omnibus
1067 2381 1147 2458 aliis
1173 2384 1274 2459 vitae
1302 2384 1355 2458 ol-

215 2507 341 2602 „ficiis‚
369 2523 450 2580 tum
477 2506 514 2578 in
543 2505 811 2580 constituendis
832 2505 1073 2603 religionibus
1097 2523 1212 2604 atque
1235 2506 1272 2579 in
1297 2506 1354 2580 dis

216 2628 509 2724 „immortalibus
544 2628 888 2703 animadvertendis
916 2628 1110 2703 castissimi
1139 2629 1353 2703 cautissimi·

209 2753 352 2851 que''1)
380 2766 499 2827 erant.

264 2875 390 2950 Numa
418 2872 620 2972 Pompilius
648 2899 781 2950 omnes
808 2890 935 2973 partes
963 2872 1152 2973 religionis
1174 2875 1349 2949 statuisse

208 2998 415 3086 dicebatur,
437 3023 512 3096 qua
536 2997 584 3071 de
608 3023 648 3071 re
671 2997 773 3094 apud
795 2997 942 3071 Livium
965 2998 1044 3094 (39.
1075 3000 1150 3095 15.)
1173 2996 1353 3105 legimus:

269 3122 377 3218 „Hos
399 3147 483 3196 esse
498 3121 603 3212 deos,
619 3147 716 3218 quos
733 3117 856 3195 colere
870 3121 1118 3218 venerarique
1133 3120 1352 3218 precarique

215 3246 399 3341 „maiores
425 3243 539 3319 vestri
567 3242 849 3317 instituissent.’'

265 3366 412 3466 Religio
425 3367 478 3440 rei
493 3365 665 3464 publicae
679 3383 874 3463 tamquam
889 3365 1088 3457 serviebat,
1105 3366 1352 3463 quamobrem

207 3492 332 3566 Varro
357 3490 550 3566 confessus
574 3503 630 3564 est
660 3490 767 3583 „ideo
788 3516 831 3564 se
853 3490 954 3587 prius
978 3488 1027 3563 de
1050 3490 1162 3563 rebus
1181 3487 1352 3564 humanis

215 3614 439 3711 „scripsisse
473 3627 607 3711 postea
635 3611 683 3686 de
713 3611 857 3704 divinis,
889 3612 975 3710 quia
1005 3611 1154 3686 divinae
1181 3613 1274 3687 istae
1303 3614 1353 3687 ab

215 3736 450 3833 „hominibus
478 3735 705 3809 constitutae
732 3734 858 3810 sunt.''

269 3859 393 3954 „Sicut
415 3858 516 3956 prior
539 3857 620 3932 est'’
645 3857 764 3955 inquit
792 3850 934 3956 „pictor
957 3883 1071 3955 quam
1092 3855 1221 3932 tabula
1238 3858 1349 3956 picta,

215 3983 338 4079 „prior
367 3982 475 4056 saber
502 4007 617 4079 quam
645 3980 876 4055 aedificium:
905 3980 958 4054 ita
985 3981 1127 4078 priores
1153 3994 1239 4055 sunt
1267 3979 1351 4054 civi-

214 4119 335 4199 „tates
361 4129 476 4202 quam
504 4129 563 4194 ea,
593 4127 692 4201 quae
720 4129 743 4177 a
767 4102 977 4177 civitatibus
1002 4103 1168 4177 instituta
1189 4118 1274 4176 sunt
1283 4101 1349 4200 l).’'

266 4227 319 4301 Ut
354 4252 477 4300 rerum
517 4226 774 4300 Romanarum
812 4226 914 4300 initia
942 4226 994 4300 sic
1022 4226 1136 4300 etiam
1164 4223 1353 4323 religionis

207 4349 328 4425 latent
349 4350 476 4424 omnia
499 4349 632 4424 crassis
655 4346 843 4424 occultata
866 4364 905 4424 et
929 4349 1151 4423 circumfusa
1175 4350 1350 4440 tenebris,

211 4500 387 4514 *-

249 4581 276 4650 r)
293 4581 328 4632 cl.
346 4580 416 4632 Gell.
435 4581 513 4632 Noct.
534 4581 591 4630 Art.
611 4592 636 4630 2.
657 4578 701 4630 28.
722 4592 746 4630 2.

247 4667 277 4737 2)
294 4668 328 4720 cl.
348 4669 416 4734 Aug.
435 4667 468 4719 de
488 4667 546 4719 Civ.
565 4666 628 4734 Dei,
645 4665 671 4717 6.
687 4680 714 4732 4.
