3576 5650
969 583 1020 659 54

432 807 525 858 vero
553 778 806 855 conscientiae
828 801 891 852 nec
915 775 976 852 hic
1002 801 1066 850 nec
1091 799 1250 874 usquam
1266 771 1358 872 sere
1385 773 1427 848 in
1450 774 1576 866 rebus,

427 931 522 1006 quae
546 905 601 980 ed
624 903 845 1002 religionem
873 907 1049 998 spectent,
1080 899 1248 998 legimus.

480 1023 699 1102 Marcellum
746 1022 947 1123 religiones
997 1022 1123 1097 animo
1165 1020 1337 1094 obiectae
1377 1020 1572 1095 tenebant.

429 1148 634 1247 Quomodo
661 1173 749 1240 vox,
779 1170 877 1245 quae
900 1160 958 1220 est
986 1141 1232 1242 „religiones”
1257 1139 1403 1238 belgice
1426 1157 1574 1218 verten-

416 1269 480 1348 ¹da
508 1273 589 1347 est?

485 1394 720 1494 Inquiramus
743 1393 779 1467 in
794 1393 924 1485 verba,
940 1416 1038 1490 quae
1052 1405 1138 1464 sunt
1152 1389 1290 1489 relz'geie
1304 1403 1343 1464 et
1356 1388 1572 1487 relegiosus,

431 1544 530 1618 quae
559 1542 675 1592 voces
702 1542 787 1590 cum
815 1514 864 1590 ad
892 1511 1175 1604 derivationem,
1204 1528 1284 1585 tum
1312 1510 1363 1584 ad
1390 1508 1575 1609 significa·

430 1643 583 1733 tionem,
626 1638 868 1738 disputationi
901 1652 1051 1711 nostrae
1089 1635 1216 1733 magni
1255 1650 1341 1708 sunt
1378 1633 1570 1708 momenti.

485 1767 520 1861 ἐ.
549 1789 582 1838 2.
609 1763 722 1837 Unde
743 1788 818 1837 vox
832 1757 1023 1860 religionis
1036 1760 1148 1834 ducta
1163 1771 1275 1850 esset,
1291 1757 1352 1832 alii
1367 1755 1442 1831 alio
1457 1757 1574 1832 modo

433 1902 598 1962 statuere
627 1885 750 1961 conati
778 1899 875 1960 sunt.

488 2009 603 2106 Apud
634 2007 854 2082 Ciceronem
878 2003 1038 2103 legimus
1062 2004 1126 2102 (de
1155 2003 1245 2078 Nat.
1276 2003 1391 2078 Deor.
1425 2028 1459 2077 2.
1492 2004 1573 2100 72):

492 2131 591 2227 „Qui
626 2143 751 2205 autem
788 2129 925 2217 omnia,
959 2153 1059 2225 quae
1086 2127 1135 2201 ad
1164 2126 1302 2202 cultum
1331 2127 1575 2224 pertinerent,

439 2252 657 2349 „diligenter
684 2266 930 2328 retractarent
955 2267 994 2325 et
1020 2267 1217 2349 tamquam
1240 2248 1463 2348 relegerent,
1488 2264 1576 2324 sunt

439 2377 548 2467 „dicti
574 2375 750 2474 religiosi,
779 2400 827 2450 ex
853 2373 1082 2474 relegendo''.

490 2497 633 2573 Gellius
656 2498 743 2573 dicit
766 2497 894 2596 (Noct.
921 2497 1004 2571 Att.
1030 2522 1066 2591 4.
1093 2523 1127 2590 9.
1160 2497 1214 2595 1):
1244 2495 1439 2594 „Nigidius
1461 2495 1575 2593 Figu-

441 2621 520 2714 „lus
550 2682 638 2698 ....
669 2647 716 2696 ex
744 2622 899 2720 antiquo
923 2605 1087 2694 carmine
1111 2619 1223 2694 resert
1248 2619 1428 2694 memoria
1451 2617 1579 2693 hercle

441 2746 636 2844 „dignum:
661 2745 894 2842 Religentem
919 2769 1002 2817 esse
1021 2757 1182 2840 oportet,
1198 2743 1401 2840 relegiosus
1414 2767 1462 2816 ne
1474 2742 1577 2836 suas,

441 2927 472 2958 „.
487 2927 495 2942 .
510 2927 539 2942 ..
559 2867 642 2956 hoc,
667 2866 797 2964 inquit,
823 2863 1127 2941 inclinamentum
1142 2890 1292 2963 semper
1306 2865 1458 2939 huiusce
1474 2865 1579 2939 modi

442 2989 677 3081 „verborum
708 3006 749 3063 ut
777 2990 941 3080 vinosus,
971 2987 1201 3080 mulierorus,
1231 2986 1437 3086 religiosus,
1467 2987 1579 3085 signi-

443 3113 553 3203 „ficat
590 3111 738 3210 copiam
777 3111 967 3210 quandam
1000 3110 1239 3184 immodicam
1268 3110 1333 3202 rei,
1362 3135 1473 3208 super
1501 3135 1580 3206 qua

399 3219 402 3224 ¹
442 3233 606 3325 „dicitur
631 3234 820 3330 Quocirca
841 3233 1037 3333 religiosus
1051 3233 1081 3307 is
1095 3231 1368 3331 appellabatur,
1385 3233 1449 3330 qui
1465 3232 1581 3306 nimia

443 3374 503 3447 „et
525 3357 782 3454 superstitiosa
806 3356 986 3456 religione
1009 3381 1093 3430 sese
1115 3355 1349 3454 alligaverat,
1375 3380 1498 3453 eaque
1518 3381 1582 3430 res

442 3481 556 3571 „oe‘te'e
583 3478 882 3578 assignabatur”.

492 3709 711 3785 Lactantius
739 3724 866 3784 autem
893 3706 1114 3807 religionem
1142 3707 1295 3782 ductam
1324 3731 1459 3792 essee
1488 3708 1582 3782 rele'·

431 3833 560 3932 gande
583 3846 691 3930 putat
715 3832 820 3929 (inst.
844 3831 919 3905 div.
944 3856 980 3924 4.
1010 3831 1090 3928 28):
1122 3829 1233 3920 „Hoc
1256 3827 1405 3904 vinculo
1429 3826 1583 3928 pietatis

445 3954 633 4046 „obstricti
671 3955 758 4029 Deo
796 3969 835 4029 et
862 3951 1009 4050 religati
1037 3979 1183 4047 sumus,
1212 3953 1311 4027 unde
1340 3953 1422 4051 ipsa
1448 3949 1583 4050 religio

445 4104 605 4168 „nomen
634 4078 790 4174 aceepit,
820 4104 905 4170 nen,
935 4091 976 4150 ut
1003 4076 1136 4151 Cicero
1164 4076 1430 4174 interpretatus
1457 4089 1526 4164 est,
1556 4102 1583 4149 o

445 4202 684 4300 „relegendo
705 4262 712 4276 .
731 4259 739 4276 .
758 4199 843 4298 .''1).

415 4458 419 4466 “
479 4449 506 4518 1)
522 4449 555 4501 el.
575 4454 709 4515 praeterea
727 4449 801 4497 Lact.
818 4448 882 4499 Inst.
902 4447 955 4497 div.
973 4461 999 4510 4.
1020 4445 1053 4498 28
1064 4444 1104 4513 (in
1120 4444 1197 4512 fine):
1209 4481 1216 4496 .
1228 4482 1234 4496 .
1246 4481 1252 4496 .
1264 4445 1393 4511 ,diximus
1403 4461 1499 4496 nomen
1509 4446 1586 4496 Reli·

442 4537 544 4603 ,giouis
563 4553 578 4585 a
597 4535 701 4584 viuculo
721 4534 826 4599 pietatis
846 4550 902 4584 esse
921 4533 1069 4600 deductum,
1089 4534 1161 4600 quod
1170 4533 1303 4583 hominem
1313 4532 1364 4583 sibi
1375 4533 1447 4583 Deus
1458 4532 1586 4599 religave-

443 4625 492 4690 ,rit
509 4630 536 4674 et
553 4623 650 4690 pietate
669 4621 877 4672 constrinxerit.”
