3528 5644
215 787 267 859 Et
289 787 509 861 Lactantius
531 803 650 886 putat,
676 805 840 863 mentem
864 787 936 862 hoc
959 788 1043 862 foco
1066 788 1165 862 idem
1180 787 1307 862 valere

214 925 330 1006 atque
357 911 648 1002 conscientiam3
676 912 763 986 dicit
791 913 912 986 enim:

220 1031 329 1124 „Non
372 1033 494 1106 minus
535 1034 749 1109 mirabiliter
789 1036 838 1109 de
880 1035 1108 1108 conscientia
1144 1049 1183 1108 et
1220 1034 1307 1107 Deo

219 1152 405 1246 „Tullius3
448 1157 668 1244 meminerit,
709 1157 840 1252 inquit,
880 1157 1009 1229 Deum
1048 1183 1090 1230 se
1125 1155 1307 1230 adhibere

220 1290 397 1367 „testem3
436 1278 473 1350 id
510 1295 567 1352 est
603 1280 659 1375 (ut
686 1279 860 1377 arbitror)
888 1295 1053 1352 mentem
1081 1303 1202 1370 suam,
1230 1303 1307 1374 qua

219 1397 328 1490 „nihil
356 1398 496 1473 homini
523 1402 626 1475 dedit
653 1402 734 1499 ipse
761 1400 958 1475 divinius.''

162 1518 255 1593 Tac.
285 1522 386 1596 Ann.
419 1529 453 1596 6.
486 1529 521 1597 6.

220 1643 433 1737 „Tiberium
448 1670 523 1720 non
538 1646 698 1738 fortuna,
714 1672 790 1720 non
805 1646 1024 1720 solitudines
1037 1646 1304 1744 protegebant,

220 1767 329 1864 „quin
377 1783 567 1843 tormenta
612 1770 774 1868 pectoris
807 1794 987 1866 suasque
1034 1770 1114 1866 ipse
1162 1792 1307 1866 poenas

219 1889 463 1978 „fateretun”

161 2010 314 2104 Quintil.
346 2011 453 2088 Decl.
487 2039 575 2109 314·

219 2135 519 2228 „Conscientiam
547 2163 642 2230 esse,
672 2161 772 2235 quae
799 2151 987 2234 torqueat,
1017 2135 1184 2210 animum
1209 2161 1305 2224 esse,

219 2258 303 2353 „qui
331 2259 453 2334 urat.’'

161 2377 314 2471 Quintil.
346 2383 435 2456 lnst.
471 2408 528 2459 12.
565 2408 596 2458 1.
629 2405 663 2478 7.

218 2501 341 2594 „Nihil
377 2519 436 2578 est
468 2506 567 2578 enim
595 2521 674 2579 tam
703 2521 942 2602 occupatum,
972 2519 1050 2578 tam
1080 2501 1307 2576 multiforme

218 2637 298 2716 „tot
325 2650 370 2698 ac
397 2641 477 2700 tam
504 2629 616 2701 variis
637 2628 831 2701 affectibus
855 2626 1045 2700 concisum
1071 2641 1186 2724 atque
1210 2623 1305 2699 lace·

220 2761 363 2837 „ratum
392 2774 506 2846 quam
536 2748 637 2823 mala
664 2747 810 2823 mens.”

163 2866 317 2960 Quintil.
348 2869 455 2946 Deci.
486 2873 577 2947 Mai.
615 2897 672 2947 12.
706 2877 768 2948 28.

222 2992 375 3085 „Meum
416 2995 497 3068 sine
539 2996 682 3094 (sanci)
702 3041 709 3062 ι
728 2995 955 3069 conscientia
992 3010 1103 3068 urunt
1140 2993 1305 3068 animum

219 3115 339 3208 „intus
376 3116 559 3192 scelerum
596 3119 697 3194 faces
735 3134 773 3192 et
802 3119 976 3217 quotiens
1004 3118 1105 3191 facta
1133 3115 1304 3213 reputavi

219 3235 396 3338 stagello
433 3242 569 3316 mentis
595 3257 744 3314 sonant.
777 3240 938 3316 Ultrices
966 3241 1078 3314 video
1107 3239 1239 3312 Furias
1266 3252 1305 3312 et

220 3361 278 3453 „in
316 3386 581 3462 quamcunque
619 3391 679 3437 me
715 3380 862 3462 partem
900 3363 1080 3462 converti,
1110 3378 1306 3436 occurrunt

221 3486 398 3576 „umbrae
426 3512 606 3562 meorum.
634 3487 794 3560 Habitat
817 3487 942 3561 nescio
966 3511 1065 3585 quae
1093 3487 1129 3561 in
1153 3501 1305 3584 pectore

220 3608 404 3704 „poenass'

164 3729 243 3804 Iuv.
272 3729 350 3806 Sat.
383 3754 418 3827 5.
454 3757 511 3827 13.
547 3754 766 3827 192—195.

434 3855 533 3950 „Cur
560 3872 689 3930 tamen
717 3855 788 3929 hos
814 3870 854 3928 tu

223 3978 419 4070 „Evasisse
446 3995 567 4076 putes
599 4005 694 4077 quos
722 3978 802 4052 dira
830 3977 979 4051 conscia
1007 3977 1095 4049 facti

223 4101 355 4193 „Mens
384 4103 499 4175 habet
527 4103 708 4175 attonitos
736 4117 774 4175 et
802 4101 915 4175 surdo
943 4100 1100 4173 verbere
1129 4099 1252 4172 caedit

221 4223 444 4317 „Occultum
473 4225 666 4323 quatiente
694 4225 820 4298 animo
848 4239 989 4298 tortore
1019 4220 1250 4320 flagellum.''

219 4469 405 4543 Omnibus
432 4472 489 4544 his
517 4469 608 4544 locis
635 4473 841 4569 perpensis
864 4471 1029 4544 animum
1053 4470 1114 4543 vel
1139 4487 1304 4545 mentem

166 4591 224 4665 vel
254 4609 385 4691 pectus
408 4594 591 4668 interdum
617 4594 716 4668 idem
740 4593 867 4667 valere
890 4610 1005 4691 atque
1029 4595 1305 4685 conscientiam,
