3528 5644
954 549 1034 669 ss

404 806 578 899 valuisse,
615 806 697 904 quis
724 822 793 898 est,
823 806 885 902 qui
915 805 1049 901 neget?
1078 805 1118 876 ln
1148 804 1226 878 Cic.
1265 803 1313 877 de
1342 803 1404 878 fin.
1437 828 1470 898 3.
1499 824 1545 898 75

404 953 566 1027 persona
608 911 798 1025 sapientie
842 925 962 1025 qualis
995 953 1019 1000 a
1055 925 1190 1006 Stoicis
1228 925 1459 1016 describitur,
1498 925 1549 997 in-

411 1050 556 1124 ducitur
592 1067 707 1148 atque
736 1065 949 1128 exornatur.
979 1049 1173 1147 Leguntur
1195 1048 1309 1122 haec:
1341 1046 1550 1145 „(Sapiens)

417 1188 538 1267 ,recte
566 1171 668 1248 solus
695 1171 788 1248 liber
815 1199 883 1246 nec
905 1170 1149 1245 dominationi
1174 1169 1391 1268 cuiusquam
1414 1195 1552 1268 parens

415 1321 506 1385 „nec
556 1295 762 1370 oboediens
813 1294 1017 1392 cupiditati,
1066 1310 1167 1368 recte
1219 1293 1400 1385 invictus,
1442 1292 1546 1366 cuius

415 1418 582 1506 „etiamsi
610 1443 746 1515 corpus
773 1417 1060 1515 constringatur,
1095 1416 1221 1490 animo
1243 1431 1371 1490 tamen
1401 1414 1551 1489 vincula

413 1539 517 1633 ,inici
545 1538 646 1613 nulla
673 1539 843 1638 possint'’
862 1599 870 1614 .
889 1599 898 1618 .
916 1599 923 1614 .
942 1598 951 1614 .

460 1661 562 1757 Quid
590 1661 684 1736 haec
713 1661 831 1737 verba
859 1661 1018 1737 docent?

460 1783 678 1882 Sapientem
706 1782 826 1858 solum
855 1782 1011 1858 liberum
1039 1783 1184 1882 sibique
1207 1783 1275 1882 ipsi
1298 1783 1424 1882 legem
1453 1808 1548 1876 esse,

408 1932 493 1981 cum
524 1930 683 1980 revera
710 1906 778 1979 sibi
805 1907 995 1981 conscium
1020 1897 1118 1981 esse.
1149 1905 1265 1980 Paulo
1289 1924 1388 1996 ante,
1414 1907 1550 1980 eodem

408 2029 531 2127 capite
568 2029 613 2126 (c.
657 2030 719 2126 22)
757 2029 855 2103 Cato
893 2028 1038 2103 dixerat
1060 2029 1251 2127 sapientes
1278 2029 1405 2104 iubere
1440 2045 1549 2123 ,tem-

414 2151 517 2248 ,pori
554 2176 688 2248 parere
723 2166 762 2225 et
795 2151 901 2248 sequi
934 2152 1045 2224 deum
1076 2157 1182 2226 etse
1212 2176 1366 2226 noscere
1396 2167 1434 2225 et
1462 2149 1549 2223 nihil

410 2273 553 2348 nimis’'.
584 2273 796 2348 Stoicorum
824 2275 995 2348 doctrina
1022 2274 1144 2372 igitur,
1174 2300 1273 2372 quae
1300 2275 1374 2348 iarn
1399 2271 1549 2347 saeculo

409 2389 528 2469 altero
549 2421 583 2469 a.
611 2395 654 2469 C.
681 2421 716 2470 n.
741 2420 765 2469 a
787 2396 979 2488 Panaetio,
1002 2396 1202 2470 Posidonio
1227 2395 1382 2496 aliisque
1404 2396 1549 2472 Romae

408 2517 602 2616 divulgata
623 2533 715 2611 erat,
740 2519 958 2617 pracsertim
979 2520 1074 2594 inter
1094 2519 1265 2594 homines
1280 2518 1422 2595 nobiles
1436 2536 1550 2617 atquc

408 2640 604 2732 litteratos
633 2641 733 2715 idem
761 2642 864 2739 quod
892 2641 1047 2740 antiqua
1075 2640 1205 2741 religio
1235 2641 1416 2718 Romanis
1444 2667 1548 2740 prae-

320 2757 323 2762 ’
409 2763 570 2837 scribere
597 2763 805 2856 videbatur,
835 2762 962 2838 scilicit
989 2765 1095 2862 sequi
1118 2766 1238 2839 deum.

462 2886 498 2964 τὸ
534 2881 622 2964 κατὰ
658 2896 723 2965 πᾶν
761 2881 887 2965 ἕπεσθαι
923 2901 968 2994 τῷ
996 2889 1028 2965 ἐν
1057 2887 1167 2980 αὐτοῖς
1195 2891 1329 2991 δαίμονι
1354 2889 1453 2985 (Pos.
1483 2913 1544 2986 ap.

410 3006 495 3083 Gal.
526 3010 631 3106 469).

463 3133 526 3205 De
565 3131 710 3222 Aenea,
749 3157 862 3229 quem
898 3130 1084 3231 Vergilius
1115 3147 1230 3230 poeta
1255 3132 1436 3207 Romanis
1466 3159 1549 3230 pro-

409 3253 563 3351 ponit1),
599 3269 640 3328 ut
676 3280 765 3329 vere
800 3256 1027 3346 Romanum,
1059 3255 1204 3328 Heinze
1232 3255 1433 3329 rectissime
1462 3255 1550 3328 dicit

410 3376 541 3474 (Verg.
570 3375 733 3474 Epische
762 3375 945 3466 Technik‚
975 3403 1011 3474 p.
1047 3379 1156 3474 295):

469 3496 620 3595 ,Vergil
653 3499 735 3597 gibt
772 3500 842 3572 aus
864 3500 924 3573 die
953 3499 1079 3596 Frage
1113 3500 1223 3598 ,quid
1252 3514 1310 3574 est
1337 3500 1426 3574 boni
1455 3497 1547 3573 viri'’

415 3645 533 3718 ,ganz
570 3619 630 3694 die
667 3619 813 3719 gleiche
849 3621 1022 3719 Antwort
1059 3621 1127 3694 wie
1164 3621 1310 3696 Seneca
1345 3622 1549 3720 ,praebere

419 3769 481 3838 ,se
513 3741 636 3836 sato'';
672 3742 733 3817 die
770 3743 941 3818 Stoische
976 3743 1051 3817 und
1077 3744 1278 3818 Romische
1302 3743 1549 3819 Sinuesweise

415 3892 480 3961 ,so
507 3877 684 3965 gemasze
713 3866 937 3966 Forderung
964 3866 1033 3939 des
1066 3867 1194 3964 ,sequi
1222 3867 1360 3942 deum''
1390 3868 1469 3942 tritt
1496 3865 1551 3958 als

416 3989 498 4084 ,die
524 3987 809 4079 wesentiichste,
833 4015 896 4062 um
922 3987 1023 4063 nicht
1045 4015 1091 4062 zu
1111 4014 1230 4088 sagen
1254 3990 1397 4087 einzige
1421 3989 1553 4064 Pflicht

417 4110 677 4205 ,anschaulich
705 4137 749 4184 zu
777 4110 911 4208 Tage''

360 4295 365 4306 .
465 4234 646 4308 Romanis
682 4232 772 4307 illud
815 4234 941 4333 ,sequi
976 4233 1114 4308 deum''
1152 4234 1411 4333 significabat:
1440 4235 1553 4310 oboe-

414 4428 561 4440 ...η-*κιο

451 4536 477 4606 ι)
495 4537 528 4587 cf.
547 4538 625 4605 Verg.
646 4540 713 4589 Aen.
733 4540 758 4607 6,
777 4541 843 4591 620:

626 4627 728 4677 Discite
746 4627 871 4677 iustitiam
891 4629 983 4680 moniti
1002 4635 1029 4681 et
1047 4646 1102 4681 uon
1120 4636 1237 4682 temnere
1255 4632 1340 4682 divos.
