3576 5650
454 801 525 900 Ep.
560 825 593 874 2.
630 823 687 872 11.

561 921 668 996 Tunc
696 919 806 1010 enim,
836 943 924 992 casu
954 942 1001 991 an
1029 916 1256 991 conscientia
1284 916 1440 990 asuerat.

454 1047 526 1144 Ep.
559 1069 593 1139 3.
628 1067 688 1117 20.

508 1239 509 1242 ,
564 1165 663 1239 Nam
687 1163 941 1262 quotocuique
962 1161 1096 1236 eadem
1112 1161 1319 1235 honestatis
1334 1185 1422 1234 cura
1436 1174 1598 1249 secreto,

559 1313 658 1386 quae
696 1283 843 1384 palam?
873 1282 980 1358 Multi
1008 1284 1161 1374 sarnam,
1190 1283 1300 1381 pauci
1328 1280 1600 1356 conscientiam

562 1425 748 1486 verentur.

456 1534 527 1632 Ep.
560 1555 594 1628 5.
630 1558 661 1606 1.

562 1653 646 1727 Tuli
694 1653 852 1728 fructum
896 1677 971 1725 non
1014 1651 1264 1726 eonscientiae
1309 1651 1423 1724 modo
1465 1677 1600 1725 verum

563 1775 676 1850 etiam
705 1774 841 1849 famae.

456 1902 597 1998 Paneg.
628 1924 690 1991 44.

564 2022 645 2095 Nec
681 2019 886 2094 benefactis
924 2035 1069 2093 tantum
1104 2044 1151 2092 ex
1187 2018 1413 2093 conscientia
1442 2043 1597 2092 merces

456 2147 547 2220 Tac.
579 2145 676 2218 Hist.
711 2167 744 2237 3.
782 2167 839 2218 10.

564 2267 606 2339 ld
658 2266 780 2362 ipsum
829 2265 930 2362 apud
974 2265 1139 2338 infensos
1180 2263 1461 2337 incitamentum
1503 2278 1597 2354 erat,

563 2405 757 2484 tamquam
787 2387 918 2460 nimius
957 2412 1076 2485 pavor
1113 2385 1378 2460 conscientiam
1408 2402 1597 2484 argueret.

457 2514 558 2587 Ann.
597 2537 626 2585 1.
660 2535 719 2604 39.

565 2634 726 2708 Pavidos
763 2648 802 2706 et
838 2632 1066 2707 conscientia
1103 2631 1284 2705 vecordes
1321 2630 1433 2704 intrat
1462 2648 1597 2705 metus

456 2760 556 2833 Ann.
593 2784 621 2830 1.
655 2776 716 2850 57.

561 2880 638 2953 Sed
665 2879 808 2952 iuvenis
836 2877 1061 2952 conscientia
1091 2878 1348 2950 cunctabatur.

456 3004 556 3077 Ann.
588 3027 623 3095 4.
656 3025 713 3074 12.

563 3124 679 3223 Igitur
702 3120 976 3195 contumaciam
991 3122 1070 3194 eius
1085 3119 1256 3194 insectari
1271 3136 1379 3194 vetus
1395 3119 1597 3216 Augustae

562 3247 700 3338 odium,
729 3261 918 3318 recentem
945 3243 1073 3317 Liviae
1097 3243 1363 3316 conscientiam
1390 3243 1595 3341 exagitare.

457 3372 557 3445 Ann.
590 3375 624 3442 6.
655 3394 690 3460 4.

565 3491 710 3564 Metum
747 3514 898 3586 prorsus
936 3505 974 3562 et
1013 3487 1164 3561 noxiam
1203 3488 1454 3562 conscientiae
1485 3488 1559 3584 (am
1572 3489 1599 3584 ἒ)

563 3639 630 3711 pro
658 3611 811 3685 foedere
839 3611 978 3685 haberi.

457 3739 557 3812 Ann.
590 3742 624 3811 6.
658 3741 716 3810 26.

566 3859 680 3955 Quod
709 3872 749 3931 ut
778 3856 928 3930 Tiberio
957 3856 1162 3954 cognitum,
1194 3856 1381 3946 adsidere,
1410 3856 1601 3953 requirere
1691 3835 1693 3840 ¹

565 4008 710 4073 causas,
751 3981 890 4054 addere
929 4003 1071 4076 preces,
1110 3975 1217 4054 fateri
1255 3995 1446 4075 postremo
1481 4003 1602 4076 grave

564 4103 823 4194 conscientiae,
846 4128 964 4201 grave
985 4102 1110 4174 famae
1135 4127 1237 4194 suae,
1263 4102 1292 4174 si
1307 4101 1498 4199 proximus
1512 4101 1603 4173 ami·

480 4261 486 4266 ’
564 4253 692 4302 corum
721 4226 838 4300 vitam
869 4225 1025 4322 fugeret.

426 4352 559 4448 ⁸Ann.
591 4376 647 4443 14.
684 4373 740 4422 10.

564 4472 615 4545 Et
637 4470 748 4545 luisse
776 4478 864 4544 eam'
890 4496 1032 4567 poenas
1057 4470 1294 4558 conscientia,
1319 4469 1425 4566 quasi
1449 4469 1603 4566 (quae?)

566 4592 686 4667 scelus
714 4593 931 4689 paravisset.
