3576 5650
771 618 819 691 59

223 808 294 898 „Et
350 809 386 882 in
435 825 618 908 quantum
666 810 714 884 de
765 836 811 885 ea
871 836 912 885 re
971 836 1134 908 aequum
1186 808 1370 908 religioni

219 931 416 1006 iudicantis
469 931 692 1007 videbitur.'’
750 933 790 1006 Si
846 958 892 1006 ea
942 933 1060 1007 verba
1103 933 1365 1030 componimus

218 1079 302 1126 cum
345 1053 398 1144 iis,
442 1079 541 1150 quae
589 1054 721 1128 Cicero
764 1053 876 1128 docet
914 1053 1076 1153 (Cluent.
1122 1058 1231 1152 159):
1276 1055 1369 1142 „Est

223 1175 426 1272 „sapientis
454 1177 610 1252 indicis.
630 1235 638 1250 .
657 1237 664 1252 .
684 1235 692 1251 .
708 1177 876 1250 maximi
886 1178 1088 1251 aestimare
1108 1176 1366 1251 conscientiam

224 1299 381 1391 „mentis
402 1297 526 1388 „cnon”
552 1299 706 1372 dubium
728 1324 804 1372 non
826 1315 894 1390 est,
918 1299 1005 1396 quin
1028 1324 1144 1374 voces
1167 1299 1305 1396 religio
1327 1312 1366 1371 et

217 1419 437 1493 conscientia
466 1445 750 1520 nonnumquam
779 1422 915 1495 eodem
945 1421 1114 1495 tendant.

272 1541 430 1639 Saepius
457 1544 596 1642 religio
624 1543 809 1642 significat
836 1544 1115 1636 conscientiam,
1139 1568 1238 1641 quae
1262 1542 1363 1616 lacta

216 1665 406 1738 antecedit
419 1666 459 1763 1),
500 1667 727 1742 conscientia
764 1692 855 1741 vero
886 1666 988 1764 apud
1020 1665 1216 1740 Romanos
1244 1662 1361 1763 vulgo

217 1787 405 1885 significat
433 1789 711 1882 conscientiam,
741 1815 840 1887 quae
869 1790 970 1884 facta
998 1789 1164 1886 sequitur
1178 1789 1217 1885 ⁹).

273 1909 389 2007 Apud
409 1910 557 1985 Liv.·6.
590 1935 637 2005 33
667 1908 822 2009 legitur:
858 1911 961 2000 „Nec
991 1908 1090 1984 aliud
1119 1924 1259 1984 tectum
1289 1908 1368 1982 eius

225 2032 426 2129 „superfuit
452 2033 563 2120 urbiS,
593 2059 677 2106 cum
705 2033 807 2107 laces
830 2033 969 2131 pariter
992 2032 1105 2106 sacris
1124 2031 1365 2130 profanisque

225 2153 435 2246 „inicerent
487 2181 601 2252 quam
650 2155 780 2229 matris
825 2157 997 2229 Matutae
1034 2154 1239 2252 templum3
1280 2153 1368 2227 inde

226 2302 313 2366 „eos
365 2303 434 2352 nec
482 2304 551 2352 sno
601 2279 739 2378 religio
780 2304 849 2353 nec
890 2277 1116 2353 verecundia
1158 2278 1271 2352 deum
1312 2302 1368 2350 ar-

227 2399 367 2489 „cuisse
396 2400 566 2475 dicitur'’.

277 2523 379 2617 Quid
408 2523 480 2597 hoc
508 2523 592 2597 loco
620 2523 806 2620 significat
838 2522 1042 2623 „religi0”?

278 2644 548 2720 Weissenborn
574 2647 733 2721 adnotat
762 2647 843 2740 „die
867 2647 979 2720 ihnen
1002 2645 1251 2720 inwohnende
1270 2643 1368 2718 Reli-

230 2766 403 2864 „giosit‘at
431 2769 507 2842 und
536 2768 660 2843 Scheu
688 2795 758 2843 vor
786 2770 859 2843 den
890 2767 1091 2843 Gottern''.

276 2887 315 2961 Si
351 2888 483 2986 religio
516 2891 674 2964 vertitur
706 2888 992 2989 „Religiosit'at”
1024 2889 1113 2963 nihil
1143 2889 1367 2988 proficimus,

223 3010 311 3084 nihil
351 3012 588 3087 enucleatum
630 3028 698 3087 est.
744 3013 834 3087 Mea
874 3013 1025 3110 quidem
1062 3012 1238 3110 opinione
1280 3036 1368 3103 „sua

222 3131 378 3231 religio”
422 3134 608 3233 significat
654 3135 752 3225 „hun
786 3135 984 3234 geweten’'
1024 3136 1046 3210 i.
1071 3161 1105 3209 e.
1141 3131 1368 3207 conscientia

225 3256 464 3330 antecedens.

277 3378 394 3475 Apud
423 3379 628 3454 Caesarem
656 3380 843 3454 invenitur
870 3377 1022 3470 locutio
1052 3402 1152 3475 quae
1179 3391 1238 3451 est
1267 3374 1369 3465 „reli-

223 3499 326 3598 gioni
354 3499 574 3576 consulere'’
606 3503 669 3599 (de
698 3503 739 3576 B.
772 3502 815 3575 C.
852 3526 882 3576 1.
915 3503 998 3599 67):
1034 3499 1172 3594 „Quod
1202 3498 1370 3597 perterri-

230 3639 310 3717 „tus
335 3621 452 3715 miles,
471 3683 545 3700 ....
561 3624 685 3698 timori
710 3624 843 3723 magis
860 3648 975 3721 quam
990 3620 1160 3720 religioni
1176 3619 1370 3696 consulere

234 3745 528 3840 „consueverit''.

230 3919 232 3925 s
278 3867 418 3959 Verba,
449 3894 547 3966 quae
576 3884 662 3944 sunt
697 3866 886 3967 „religioni
920 3863 1139 3940 consulere'’
1171 3880 1270 3958 „met
1292 3864 1369 3937 hun

264 4036 291 4102 1)
320 4036 353 4091 cf.
384 4036 443 4086 Liv.
475 4027 518 4099 29'.
552 4032 607 4084 18.:
644 4035 748 4099 „Unum
781 4040 829 4100 est,
855 4033 888 4083 de
913 4048 966 4097 quo
992 4029 1147 4081 nominatim
1171 4035 1197 4078 et
1221 4043 1270 4078 nos
1294 4028 1370 4093 queri

226 4124 334 4190 „religio
351 4121 432 4173 infixa
449 4121 537 4172 animo
556 4127 641 4185 cogat,
656 4127 682 4170 et
699 4136 745 4171 vos
761 4120 851 4171 audire
869 4126 895 4170 et
914 4117 1049 4169 exsolvere
1059 4115 1248 4182 rempublicam
1258 4122 1370 4165 vestram

228 4210 375 4276 „religione⁷
394 4209 417 4259 si
435 4209 472 4258 ita
489 4206 566 4257 vobis
584 4206 726 4274 videbitur,
744 4206 865 4273 velimus,
885 4213 972 4272 patres
991 4201 1161 4269 conscripti'’.

263 4297 291 4363 2)
315 4297 349 4346 cf.
374 4297 417 4345 W.
442 4295 555 4360 Sanday,
580 4295 604 4344 A
623 4294 723 4344 critical
742 4301 882 4344 comment.
902 4300 929 4342 to
949 4293 993 4341 the
1012 4290 1115 4355 Epistle
1135 4298 1162 4340 to
1182 4289 1225 4338 the
1245 4290 1369 4351 Romans,

231 4397 306 4450 1902,
325 4383 423 4433 Edinb.
440 4398 466 4448 p.
483 4383 531 4432 61:
551 4381 728 4446 „conscience
745 4381 809 4431 with
825 4381 869 4430 the
885 4379 1004 4430 ancients
1021 4394 1072 4427 was
1083 4377 1127 4427 the
1138 4377 1234 4440 faculty
1242 4376 1274 4443 (l)
1285 4375 1371 4425 which

230 4470 340 4536 „passed
355 4469 493 4534 judgment
512 4483 584 4533 upon
603 4469 714 4534 actions,
730 4468 796 4517 after
811 4467 872 4532 they
889 4481 956 4516 were
975 4465 1043 4514 done
1053 4463 1093 4530 (in
1104 4463 1233 4513 technical
1242 4455 1371 4527 languige

230 4556 289 4621 „the
311 4555 473 4605 couscientia
495 4570 662 4620 consequens
688 4553 803 4621 moralis)
828 4561 875 4603 not
900 4568 930 4602 so
956 4552 1032 4601 much
1059 4551 1103 4600 the
1126 4550 1231 4616 general
1242 4566 1333 4600 source
1343 4549 1374 4599 ol

230 4643 323 4709 „moral
344 4643 498 4708 obligation.
