3528 5644
967 533 1017 600 66

422 741 609 830 „videtur:
647 741 714 814 illis
749 739 901 837 quidem
937 739 1167 836 temporibus
1196 739 1303 813 aliter
1331 739 1455 812 facere
1484 761 1563 809 non

422 862 574 959 „potuit
615 864 747 959 ltaque
783 861 854 935 ista
890 859 972 934 laus
1001 886 1076 934 non
1106 875 1163 934 est
1191 860 1352 934 hominis
1380 860 1448 934 sed
1477 867 1565 932 tem·

423 995 601 1081 ,‚p0rum;
638 981 778 1057 nullum
815 983 915 1057 enim
952 981 1139 1057 vinculum
1176 983 1225 1057 ad
1254 982 1563 1080 adstringendam

423 1106 558 1196 „fidem
601 1105 837 1180 iureiurando
882 1105 1043 1180 maiores
1079 1106 1193 1179 artius
1228 1131 1312 1181 esse
1350 1104 1562 1180 voluerunt.

423 1229 488 1317 „ld
516 1228 679 1302 indicant
708 1226 813 1324 leges
840 1227 877 1300 in
905 1227 980 1300 Xll
1009 1226 1157 1318 tabulis,
1186 1227 1351 1301 indicant
1378 1240 1562 1317 sacratae,

423 1350 610 1439 „indicant
632 1349 797 1440 foedera,
823 1349 957 1447 quibus
979 1350 1093 1424 etiam
1116 1375 1199 1423 cum
1224 1350 1332 1424 hoste
1355 1348 1565 1423 devincitur

424 1472 559 1562 „fides:
598 1473 762 1546 indicant
803 1472 976 1547 notiones
1016 1472 1437 1569 animadversionesque
1474 1496 1564 1545 cen-

424 1620 584 1687 „sorum,
614 1595 676 1694 qui
705 1592 806 1668 nulla
833 1595 882 1668 dc
909 1620 949 1668 re
978 1594 1192 1693 diligentius
1219 1620 1333 1692 quam
1362 1595 1411 1669 de
1432 1593 1563 1667 iureiu-

424 1718 565 1808 „rando
594 1717 831 1792 iudicabant’'
866 1716 958 1814 (Cic.
992 1716 1041 1790 de
1073 1716 1135 1790 off.
1174 1741 1207 1811 3.
1249 1718 1349 1814 111).
1383 1715 1563 1790 Aetatem

420 1865 526 1914 suam
561 1839 694 1914 Cicero
732 1839 894 1937 antiquis
932 1839 1164 1937 temporibus
1192 1837 1360 1936 opponit.
1391 1836 1564 1935 Antiquo

419 1977 591 2059 tempore
618 1962 872 2036 iusiurandum
900 1962 1174 2035 sanctissimum
1202 1961 1430 2054 habebatur,
1460 1960 1566 2035 Cice-

420 2084 519 2158 ronis
556 2109 648 2158 vero
682 2101 809 2159 aetate
849 2083 953 2158 multi
991 2098 1109 2176 erant,
1149 2084 1212 2181 qui
1250 2084 1376 2158 omnia
1413 2081 1565 2157 venalia

421 2205 625 2297 habebant,
656 2207 838 2298 homines,
868 2204 980 2289 nulla,
998 2206 1084 2299 fide,
1114 2205 1215 2281 nulla
1242 2205 1434 2304 religione,
1465 2205 1566 2299 ,inu-

427 2342 544 2420 ,stam
573 2327 863 2402 conscientiam''
879 2329 906 2426 ¹)
935 2328 1131 2403 habentes.

475 2451 498 2546 ἓ
527 2474 563 2542 4.
603 2451 682 2524 Iam
716 2450 867 2525 saeculo
895 2451 1005 2524 tertio
1035 2476 1068 2526 a.
1099 2452 1142 2525 C.
1174 2476 1209 2525 n.
1240 2450 1417 2549 antiquae
1445 2446 1564 2547 religi-

421 2573 502 2646 onis
530 2572 624 2646 fides
652 2574 871 2670 praesertim
899 2574 994 2648 inter
1020 2574 1121 2648 viros
1149 2570 1315 2648 excultos
1342 2588 1457 2671 atque
1485 2598 1566 2646 eru-

420 2694 519 2767 ditos
547 2696 712 2792 extingui
742 2710 876 2793 coepta
905 2712 996 2770 erat.
1093 2755 1095 2760 ,

475 2815 672 2915 Multiplex
721 2818 865 2916 religio,
908 2818 1127 2916 praesertim
1170 2817 1400 2892 Graecorum
1443 2814 1565 2891 cultus

420 2938 576 3013 deorum
600 2954 715 3036 atque
739 2940 975 3037 philosophia
992 2941 1141 3015 moenia
1156 2940 1305 3015 Romae
1319 2941 1563 3016 intraverant.
1623 3029 1626 3034 Ι

475 3059 622 3158 Religio
652 3061 826 3136 Romana
854 3088 939 3136 cum
967 3062 1003 3136 in
1032 3063 1156 3160 specie
1180 3078 1327 3137 tantum
1350 3078 1566 3136 versaretur

421 3208 543 3281 neque
566 3182 642 3258 ulla
665 3185 848 3283 dogmata
871 3185 1082 3272 formasset,
1107 3185 1157 3259 ad
1172 3201 1346 3259 externas
1361 3183 1564 3281 religiones

419 3304 591 3379 facillime
632 3307 909 3425 accommodari
944 3322 1113 3405 poterat.
1156 3307 1253 3380 Cum
1297 3332 1387 3381 vero
1430 3307 1566 3381 umbra

419 3442 565 3503 tantum
607 3427 779 3504 Graecae
820 3429 1021 3527 religionis,
1059 3445 1099 3504 ut
1135 3430 1186 3504 ita
1224 3429 1359 3520 dicam,
1398 3428 1563 3502 Romam

419 3550 564 3625 veniret
587 3568 702 3649 atque
725 3551 832 3625 simul
856 3552 1042 3649 impietas,
1066 3548 1166 3626 mala
1190 3551 1296 3643 fides,
1323 3549 1564 3648 neglegentia

420 3672 575 3748 deorum
611 3675 647 3747 in
684 3675 830 3748 animos
867 3676 1058 3772 irreperet,
1087 3690 1167 3749 tam
1195 3674 1337 3748 civibus
1366 3698 1480 3770 quam
1508 3672 1564 3746 rei

419 3794 589 3892 publicae
617 3797 701 3871 hinc
730 3801 870 3896 niagna
897 3798 1078 3895 pernicies
1107 3798 1307 3872 oriebatur.

474 3918 512 3991 A
556 3920 778 4016 primoribus
825 3920 1153 4017 eruditissimisque
1197 3917 1337 3993 malum
1379 3907 1429 3992 ad
1474 3906 1565 3991 infe-

419 4041 535 4115 riores
570 4042 720 4116 ordines
756 4042 997 4140 procedebat,
1037 4067 1269 4139 quamquam
1307 4039 1411 4114 multi
1440 4053 1560 4132 erant,

419 4162 483 4261 qui
518 4165 762 4238 caerimonias
804 4180 842 4239 et
883 4163 1081 4262 religiones
1123 4181 1200 4238 tam
1242 4162 1411 4262 publicas
1448 4183 1565 4261 quam

420 4285 585 4381 privatas
632 4287 862 4361 sanctissime
906 4288 1113 4362 servandas
1155 4313 1238 4361 esse
1278 4276 1561 4360 arbitrarentur.

419 4467 566 4478 -—-—-

459 4574 486 4642 1)
504 4575 537 4626 cf.
556 4576 626 4626 Tert.
646 4576 678 4626 de
697 4576 801 4627 Ieiunio
823 4591 848 4628 2.
