3576 5650
968 585 1014 656 52

420 796 533 870 quam
562 773 612 848 ob
640 796 731 864 rem,
761 773 850 872 quid
877 773 926 848 de
946 774 1237 851 institutionibus
1260 777 1409 852 Numae
1430 805 1568 854 verum

420 893 478 984 sit,
508 893 596 968 nihil
624 911 727 970 certo
755 895 929 980 scimus.¹

474 1016 590 1112 Quod
613 1033 740 1092 tamen
765 1018 926 1094 Romani
949 1020 1149 1118 scriptores
1172 1020 1221 1095 de
1245 1022 1371 1097 Numa
1394 1021 1565 1122 aliisque,

422 1139 615 1235 quomodo
664 1137 843 1238 populum
894 1142 1009 1216 sacris
1050 1142 1275 1242 obligarent,
1317 1129 1564 1240 tradiderunt,

423 1285 496 1335 non
525 1259 659 1335 nullius
687 1263 867 1338 momenti
895 1278 962 1340 est.

472 1380 645 1458 Valerius
680 1383 867 1458 Maximus
902 1384 1003 1460 enim
1039 1387 1134 1462 baec
1171 1404 1298 1464 narrat
1326 1390 1377 1486 (1.
1413 1415 1443 1465 1.
1474 1389 1563 1466 Ext.

421 1503 480 1578 ed.
511 1505 701 1604 Kempil:

481 1625 630 1719 ,Numa
664 1627 879 1725 Pompilius,
918 1637 964 1704 eet
989 1633 1179 1728 papalum
1216 1634 1338 1707 saeris
1365 1635 1562 1732 obligaret,

426 1747 601 1844 ,volebat
641 1749 758 1824 videri
799 1751 889 1824 sibi'
908 1778 994 1826 cum
1016 1851 1018 1856 Ι
1037 1754 1122 1828 Dea
1163 1754 1303 1853 Egeria
1340 1781 1567 1854 congressus

426 1853 542 1965 ,esse
564 1887 777 1964 nocturnos,
814 1899 886 1972 qao
921 1875 1047 1948 maier
1082 1877 1190 1972 apud
1205 1875 1353 1974 feroces
1379 1887 1472 1952 esset
1496 1905 1563 1952 aa·

427 1992 642 2088 „ctoriae”

476 2114 566 2189 Alio
624 2113 710 2190 loco
751 2118 854 2216 apud
895 2118 1058 2193 eundem
1099 2119 1290 2195 Valerium
1332 2120 1468 2222 legitur
1510 2125 1562 2220 (1.

428 2263 462 2314 2.
497 2240 552 2335 1):
596 2238 679 2332 ,Sic
707 2265 859 2338 quoque
888 2256 926 2315 et
956 2242 1082 2316 Minos
1110 2242 1346 2318 Cretensium
1376 2272 1442 2319 rex
1465 2271 1567 2320 nono

387 2375 389 2380 '
429 2386 603 2460 ,quoque
644 2386 745 2436 anno
787 2363 824 2437 in
867 2364 1056 2460 quandam
1096 2365 1304 2463 praealtam
1340 2384 1380 2441 ¹et
1417 2382 1567 2442 vetusta

335 2537 339 2543 -
428 2482 629 2584 „religione
667 2500 925 2560 consecratam
963 2512 1116 2583 specum
1149 2489 1327 2564 secedere
1354 2488 1502 2563 solebat
1528 2505 1569 2564 et

429 2607 486 2701 ,in
524 2630 571 2681 eo
606 2623 784 2696 moratus,
824 2617 1015 2707 tamquam
1052 2613 1098 2683 ab
1133 2611 1228 2702 Iove,
1267 2637 1344 2709 quo
1372 2637 1414 2685 se
1442 2626 1567 2685 ortum

426 2729 606 2819 „ferebat
637 2730 803 2804 trade‘tas
831 2732 925 2828 leges
946 2731 1217 2830 perrogabai.’'

475 2847 684 2947 Rogaverit
719 2851 915 2950 quispiam,
952 2879 1017 2927 cur
1051 2854 1122 2928 hos
1158 2852 1263 2929 locos
1298 2853 1460 2930 laudern.
1492 2856 1564 2930 Re-

422 2974 606 3072 sponde0,
645 2973 730 3048 hinc
767 2976 964 3073 apparere,
1002 2979 1086 3050 bene
1112 2977 1304 3051 Romanas
1322 2978 1567 3075 perspexisse

418 3099 465 3169 ab
501 3096 663 3170 homine.
679 3099 864 3194 papulam
901 3098 1084 3196 religione
1110 3100 1280 3198 ablegari
1304 3127 1378 3174 reon
1398 3111 1508 3197 pesse
1521 3100 1561 3200 ¹).

472 3218 709 3305 Auctoritate
750 3217 939 3318 religionis
981 3221 1092 3318 igitur
1133 3248 1228 3320 opus
1265 3248 1350 3297 esse
1388 3223 1438 3297 ad
1475 3248 1563 3297 con·

419 3341 625 3434 scientiam,
659 3357 701 3416 ut
737 3342 789 3417 ita
823 3343 968 3436 dicam,¹
996 3345 1316 3443 adstringendam,
1354 3346 1452 3420 bene
1490 3346 1565 3419 Ro·

421 3465 521 3538 mani
550 3479 757 3569 senserunt.

473 3587 580 3662 Deos
616 3602 732 3662 testes
769 3587 983 3687 iudicesque
1015 3615 1111 3682 esse,
1143 3589 1324 3664 Romanis
1351 3615 1399 3664 ex
1426 3589 1564 3664 semine

419 3711 619 3810 relegionis
662 3736 881 3808 persuasum
924 3729 1016 3787 erat.
1060 3710 1344 3811 Religiosissimi
1381 3727 1489 3786 erant
1525 3713 1561 3785 in

419 3831 517 3907 votis
537 3831 781 3929 suscipiendis
804 3849 918 3933 atque
942 3833 1143 3928 solvendis,
1167 3834 1204 3907 in
1220 3833 1464 3926 iureiurando
1490 3859 1563 3908 ser·

418 4091 632 4106 w

457 4264 483 4332 1)
502 4265 534 4316 cf.
555 4265 601 4314 Dr.
621 4264 657 4314 H.
676 4262 802 4330 Bavinck,
821 4263 926 4328 Dogm,
944 4263 965 4312 1.
985 4277 1012 4328 p.
1034 4275 1098 4326 194:
1119 4261 1465 4330 „Menschemgewooutem
1480 4261 1563 4313 aeden

419 4353 524 4402 tuanen
543 4353 599 4403 niet
614 4351 776 4418 verplicleten
796 4351 824 4400 in
843 4351 872 4399 de
889 4350 1047 4416 conscientie,
1066 4350 1110 4400 dat
1129 4349 1181 4399 lran
1201 4349 1261 4400 God
1279 4349 1392 4400 alleen''.

454 4439 487 4488 cf.
512 4445 646 4504 praeterea
670 4438 751 4504 Leist,
776 4437 821 4487 Gr.
843 4437 902 4487 Ital.
923 4437 1119 4504 Rechtsgesch,
1142 4454 1168 4503 p.
1186 4445 1251 4502 527:
1270 4437 1562 4505 „DieUeberzeugung,

420 4525 498 4591 „desse
514 4525 556 4575 die
569 4525 671 4575 Gebote
690 4525 736 4575 der
754 4524 1026 4602 SittlichkeitGebate
1043 4525 1090 4574 der
1110 4525 1202 4576 Gt‘tter
1220 4524 1288 4575 scien
1306 4524 1340 4574 ist
1358 4524 1402 4574 ein
1422 4524 1562 4590 Grundge·

424 4611 526 4678 ,dauke
545 4611 592 4661 des
609 4611 781 4662 heidnischen
800 4611 943 4662 Altertums
961 4610 1111 4677 genesen”.
