3576 5650
1016 599 1039 666 4

511 791 749 866 Conscientia
810 789 858 862 ad
904 786 1021 860 vitam
1080 783 1260 859 moralem
1318 782 1489 881 pertinet.
1547 782 1603 854 Ut

458 940 589 988 omnes
624 913 795 986 homines
831 911 867 983 in
906 908 1109 1007 cogitando
1146 908 1255 981 certis
1283 904 1429 1003 legibus
1457 905 1603 978 obtem-

387 1093 391 1102 ,
457 1053 602 1135 perant,
654 1036 705 1108 sic
746 1035 782 1106 in
819 1033 898 1106 vita
934 1029 1064 1104 morali
1101 1046 1222 1104 certas
1259 1027 1364 1128 leges
1402 1051 1603 1122 moresque

457 1174 674 1256 sequuntur,
720 1157 1019 1250 discernuntque,
1072 1152 1162 1250 quid
1208 1153 1255 1226 sit
1307 1151 1460 1238 bonum,
1513 1149 1604 1246 quid

461 1281 600 1355 malum
615 1278 625 1318 ¹
646 1340 653 1354 .

514 1284 743 1500 Nullaigens
767 1425 931 1496 unquam
959 1399 1056 1472 adeo
1077 1399 1126 1472 ab
1149 1398 1382 1472 humanitate
1396 1394 1601 1486 abhorruit,

460 1529 547 1625 quin
585 1528 681 1599 intra
716 1524 821 1621 leges
858 1522 1042 1620 quasdam
1077 1547 1119 1595 se
1154 1520 1370 1595 contineret.
1402 1520 1528 1614 Quam
1552 1518 1603 1592 ob

460 1677 538 1724 rem
578 1647 713 1722 Paulus
753 1645 962 1745 Apostolus
998 1645 1096 1736 dicit,
1135 1645 1207 1741 Ep.
1247 1645 1296 1717 ad
1326 1643 1436 1716 Rom.
1471 1668 1505 1732 2,
1537 1667 1602 1734 14:

461 1773 539 1850 ὅταν
563 1767 628 1876 γὰρ
651 1768 725 1860 ἔθνη
749 1765 790 1848 coi
814 1769 861 1872 μὴ
882 1769 982 1872 νόμον
997 1764 1117 1872 ἔχοντα
1132 1763 1219 1871 φύσει
1234 1762 1275 1845 τὰ
1290 1775 1346 1844 τοῦ
1361 1765 1462 1869 νόμον
1477 1779 1602 1855 ποιῶσι,

462 1905 545 1973 οὗτοι
574 1895 674 1997 νόμον
702 1893 750 1996 μὴ
779 1889 906 1997 ἔχοντες
934 1897 1060 1983 ἑαυτοῖς
1087 1896 1143 1969 εἰσι
1172 1889 1284 1993 νόμος,
1313 1923 1345 1967 κ.
1361 1922 1390 1965 τ.
1407 1886 1438 1966 l.

516 2013 652 2090 Paulus
685 2013 760 2112 legi
798 2039 939 2105 sacrae,
979 2014 1014 2085 in
1051 2013 1166 2086 Sacra
1203 2012 1394 2109 Scriptura
1432 2010 1604 2100 traditae,

462 2140 585 2237 legem
611 2135 819 2211 naturalem
845 2136 1031 2233 opposuit,
1058 2161 1156 2232 quae
1177 2134 1387 2209 defectione
1407 2133 1606 2206 obscurata

464 2260 639 2336 scintillas
668 2275 814 2333 tantum
843 2259 975 2356 prioris
1004 2258 1150 2331 luminis
1178 2257 1294 2330 innati
1323 2255 1496 2330 ostendit.

519 2382 719 2477 Quaedam
749 2382 909 2453 iustitiae
938 2381 1092 2471 semina,
1117 2395 1158 2453 ut
1184 2378 1363 2453 Calvinus
1384 2378 1482 2468 dicit,
1505 2377 1606 2474 inge-

465 2507 532 2578 niis
552 2505 744 2578 hominum
761 2519 846 2575 sunt
860 2503 997 2596 indita3
1019 2502 1165 2599 „qualia
1179 2518 1274 2593 sunt,
1292 2502 1393 2601 quod
1408 2500 1608 2597 religiones

471 2628 697 2720 „instituunt,
724 2651 855 2698 omnes
870 2651 1060 2723 peraeque
1075 2640 1209 2723 gentes
1224 2623 1446 2699 adulterium
1462 2621 1608 2720 legibus

471 2748 658 2846 „plectunt
695 2763 733 2820 et
771 2748 906 2820 furtum
946 2764 983 2821 et
1017 2748 1276 2821 homicidium:
1314 2748 1455 2821 bonam
1495 2745 1608 2818 fidem

473 2872 528 2964 „in
554 2870 783 2944 commerciis
807 2871 854 2942 de
878 2871 1129 2944 contractibus
1153 2863 1456 2943 commendant.'’
1484 2867 1606 2964 (Calv.

468 2993 541 3088 op.
572 2993 664 3066 >nn
691 3018 779 3090 pag·
814 2994 917 3090 ³72).

505 3232 530 3298 1)
558 3231 591 3281 cf.
617 3231 747 3280 Lambert.
767 3231 900 3293 Danaeus‚
918 3229 1025 3280 Ethices
1045 3231 1208 3281 Christianae
1228 3231 1289 3280 libri
1309 3237 1369 3298 tres,
1388 3231 1510 3281 Genevae
1533 3230 1611 3296 1588,

467 3335 493 3384 p.
526 3317 589 3368 68l1:
623 3353 710 3381 „....
744 3317 780 3366 sic
811 3317 844 3366 ad
871 3318 986 3367 actiones
1010 3317 1133 3368 honestas
1157 3319 1263 3383 reliquit
1287 3319 1356 3367 idem
1382 3319 1454 3367 Deus
1479 3318 1611 3383 quoddam

469 3405 661 3472 „conscientiae
677 3404 766 3452 lumen
782 3410 814 3452 et.
823 3405 943 3468 generale
961 3405 1148 3472 testimonium,
1164 3413 1296 3470 tamquam
1312 3404 1416 3454 honesti
1433 3412 1458 3455 et
1477 3405 1610 3455 inhonesti

471 3489 607 3558 „xpri-alprat
627 3488 718 3560 (quam
738 3490 818 3556 vulgo
836 3487 984 3551 Συντήρησιν
1003 3491 1110 3558 vocant)
1131 3492 1203 3556 quod
1221 3499 1246 3541 et
1265 3493 1348 3557 ipsius
1368 3483 1436 3556 Legi
1444 3492 1551 3542 caelesti
1561 3508 1608 3556 per

472 3581 590 3644 „Mosem
611 3576 788 3642 promulgatae
808 3577 886 3642 plane
897 3575 928 3642 (ἓ)
948 3579 1109 3628 concordans
1128 3586 1207 3642 atque
1226 3579 1404 3644 consentiens,
1419 3595 1466 3643 per
1481 3578 1532 3628 hoc
1547 3584 1611 3628 tam-

470 3681 567 3732 „quam
592 3665 710 3714 divinum
735 3665 867 3728 quendam
886 3664 998 3731 oculum,
1018 3673 1043 3714 et
1061 3672 1168 3715 naturae
1188 3665 1273 3730 ipsius
1291 3665 1508 3732 testificationem,
1527 3681 1612 3715 rerum

472 3753 655 3818 „honestarum
675 3767 773 3800 summa
792 3758 817 3800 et
837 3751 969 3816 generalia
986 3753 1115 3817 quaedam
1134 3759 1275 3818 praecepta
1293 3760 1371 3818 atque
1391 3753 1522 3818 principia
1541 3752 1611 3803 vide·

471 3856 544 3905 „mus
566 3840 691 3889 sentimus
711 3845 736 3887 et
754 3839 920 3902 agnoscimus
940 3854 996 3888 esse
1015 3840 1158 3906 sequenda,
1177 3840 1358 3904 contrariaque
1377 3838 1530 3904 fugienda''.
1564 3883 1565 3886 ,

503 3925 536 3975 cf.
563 3933 697 3990 praeterea
720 3925 813 3991 Zeller,
833 3925 922 3975 Ueber
946 3925 1046 3989 Begriff
1067 3927 1121 3975 und
1145 3927 1324 3991 Begriindung
1346 3927 1391 3976 der
1417 3927 1480 3975 sittl.
1500 3926 1610 3976 Gesetze

468 4012 614 4080 (Abhandl.
639 4013 685 4062 der
710 4012 779 4061 Berl.
805 4011 889 4061 Ahad.
918 4010 993 4078 1882,
1019 4014 1071 4080 II):
1096 4013 1163 4077 „Die
1182 4014 1317 4079 logischen
1338 4014 1447 4062 Gesetze
1467 4029 1546 4078 sagen
1565 4029 1611 4062 aus

472 4101 548 4164 „dasz
572 4100 634 4148 hein
660 4099 768 4148 anderes
794 4099 949 4165 Verfahren,
974 4100 1012 4148 als
1037 4100 1091 4167 das,
1115 4100 1227 4150 welches
1252 4101 1290 4150 sie
1316 4101 1499 4150 vorschrieben
1522 4100 1618 4165 richtig

471 4187 533 4250 „seh
553 4186 604 4234 Die
623 4186 813 4235 aesthetischen
833 4186 1083 4255 Gesetzeltiugnen,
1103 4188 1162 4237 dasz
1182 4187 1292 4254 solehes‚
1311 4204 1373 4254 was,
1382 4205 1413 4236 zu
1423 4189 1558 4237 verbieten
1568 4188 1611 4254 ist,

473 4273 571 4336 „sehon
591 4273 637 4321 sei.
657 4274 712 4322 Das
732 4272 905 4338 Sittengesetz
923 4274 956 4322 ist
976 4275 1016 4323 ein
1037 4275 1130 4324 Gesetz
1149 4275 1258 4324 forden
1278 4274 1406 4324 Willen'’.

505 4358 533 4426 2)
557 4358 590 4408 cf.
615 4359 696 4424 Leist,
720 4359 810 4410 Graec.
837 4360 895 4410 Ital.
918 4361 1176 4428 Rechtsgeschiehte,
1202 4378 1228 4426 p.
1253 4361 1320 4426 653:
1351 4361 1424 4426 „Wir
1447 4361 1535 4410 haben
1554 4360 1611 4410 also
1698 4355 1704 4362 ’

473 4446 527 4510 „als
552 4445 595 4494 die
614 4446 773 4510 gemeinsam
793 4446 910 4497 arischen
931 4448 987 4497 drei
1006 4449 1208 4516 Stammgebote,
1228 4449 1270 4498 die
1290 4449 1346 4498 drei
1365 4448 1547 4498 Vorschrilten
1565 4464 1609 4512 ge·

473 4548 612 4599 „wonnem
636 4532 670 4582 du
695 4533 769 4583 sollst
794 4533 843 4583 den
870 4535 989 4602 Gdttern,
1014 4535 1048 4584 du
1073 4535 1148 4586 sollst
1171 4537 1252 4586 Vater
1275 4535 1329 4585 und
1355 4536 1461 4602 Mutter,
1480 4535 1515 4584 du
1536 4535 1613 4585 sollst

472 4621 547 4684 „dem
566 4619 724 4670 Vaterlande
743 4621 881 4685 gehorsam
900 4620 984 4672 sein''.
