3528 5644
748 591 792 657 61

193 822 279 871 eam
304 797 380 871 vim
404 797 556 889 habere,
583 823 682 895 quae
706 821 880 872 sermone
895 794 1204 894 philosophorum
1220 798 1335 871 nomi-

192 935 305 993 natur
339 920 423 1014 ,het
442 919 723 1019 voorafgaande
742 917 943 1018 geweteffl,
979 919 1218 1012 ,conscientia
1235 927 1336 992 ante-

191 1039 356 1116 cedens.”

248 1164 298 1237 Et
321 1165 365 1238 iis
385 1165 628 1263 temporibuS,
655 1164 790 1262 quibus
812 1189 889 1238 vox
912 1163 1161 1238 conscientiae
1184 1165 1233 1238 ad
1248 1164 1337 1238 indi-

193 1288 356 1361 candam
394 1289 644 1362 conscientiae
682 1288 873 1360 notionem
911 1286 1172 1384 usurpabatur,
1210 1311 1337 1374 voces,

193 1435 293 1507 quae
321 1425 408 1484 sunt
435 1409 566 1508 religio
595 1424 633 1484 et
659 1407 866 1508 religiosus,
895 1434 981 1484 eam
1008 1407 1332 1507 significationem,

193 1532 244 1605 de
272 1557 349 1628 qua
376 1557 490 1628 supra
518 1532 657 1628 scripsi,
687 1546 944 1606 servaverunt.

248 1656 330 1750 §a
369 1655 539 1728 Deorum
576 1654 708 1746 cultuS,
742 1655 829 1753 quia
857 1655 965 1728 nimis
993 1655 1030 1727 in
1057 1655 1183 1752 specie
1211 1677 1337 1728 versa·
1419 1751 1424 1760 ὁ

192 1777 315 1867 batur,
357 1776 598 1874 impediebat,
636 1776 835 1874 quominus
870 1776 974 1850 notio
1011 1776 1260 1850 conscientiae
1295 1801 1338 1850 se

192 1896 400 1972 evolveret.
430 1899 517 1972 Vim
541 1915 671 1973 contra
695 1898 946 1972 conscientiae
969 1899 1111 1997 antiqui
1133 1899 1232 1973 bene
1255 1923 1337 1972 sen-

192 2035 332 2094 serunt.
366 2021 481 2115 Quod
516 2035 554 2095 et
585 2021 621 2094 in
651 2021 903 2095 z'rtreiurando
930 2037 1089 2118 apparet
1103 2021 1141 2118 ¹).
1172 2021 1334 2110 Romani

192 2144 294 2216 enim
332 2169 429 2235 cum,
470 2142 690 2242 quantulum
730 2159 829 2218 esset
857 2143 1069 2218 hominibus
1097 2142 1271 2241 praesidii
1299 2144 1335 2216 in

193 2266 308 2339 animi
337 2265 572 2359 firmitudine,
602 2267 744 2364 optime
772 2266 976 2356 novissent,
1005 2265 1257 2340 iusiurandum
1286 2265 1335 2339 ad
1428 2339 1435 2350 ,

194 2387 310 2463 fidem
338 2389 648 2487 adstringendam
677 2388 918 2463 adhibebant.

249 2511 294 2586 cf.
326 2509 515 2603 Karlowa,
547 2513 659 2586 Rom.
690 2510 972 2607 Rechtsgesch,
1002 2537 1038 2608 p.
1071 2517 1166 2606 631:

255 2633 355 2727 ,Der
391 2633 463 2707 Eid
491 2634 557 2706 hat
583 2634 676 2709 aber
703 2634 763 2708 die
793 2633 1030 2732 Bedeutung,
1059 2633 1148 2707 dasz
1176 2633 1244 2707 der
1271 2631 1334 2704 ihn

197 2756 422 2850 ,Leistende
459 2756 495 2830 in
532 2757 674 2830 seinem
713 2756 906 2830 Gewissen
944 2757 1091 2831 st'arker
1131 2756 1335 2854 gebunden

197 2880 369 2973 „werden
398 2876 508 2953 soll''.

252 2999 427 3089 „Nullum
450 2998 678 3092 vinculum,’'
702 3001 820 3098 inquit
844 3001 978 3075 Cicero
1007 3001 1078 3095 ,ad
1101 3001 1334 3099 adstringen-

198 3123 310 3217 ,dam
324 3103 461 3197 “fidem
498 3124 735 3198 iureiurando
772 3124 934 3199 maiores
969 3125 1084 3198 artius
1111 3122 1333 3198 voluerunt’'

191 3245 285 3342 (Cic.
315 3246 364 3319 de
393 3245 456 3320 off.
489 3269 523 3339 3.
560 3247 658 3343 111).

245 3370 372 3464 Quam
414 3367 530 3442 multa
567 3369 668 3467 apud
711 3368 906 3443 Romanos
940 3368 1175 3442 iureiurando
1214 3367 1333 3443 firma·

186 3491 343 3565 bantur!
385 3490 561 3566 Militibus
602 3507 879 3566 sacramentum
920 3492 1120 3566 dicendum
1155 3508 1247 3568 erat.
1292 3493 1333 3566 In

185 3613 322 3687 iudicio
358 3627 473 3687 testes
510 3614 682 3689 iurabant
719 3641 804 3703 „um
831 3615 911 3689 ihre
939 3614 1228 3714 gewissenhaste
1257 3615 1332 3690 Ue-

191 3736 458 3834 „berzeugung
472 3735 603 3810 eidlich
618 3763 662 3810 zu
676 3735 953 3836 bekr'aiftigen.”
971 3737 1197 3829 Mommsen,
1216 3739 1328 3812 Rom.

190 3857 336 3951 Strasr,
366 3885 402 3957 p.
435 3883 522 3955 395.

192 4120 366 4134 ψ

224 4279 252 4348 1)
269 4279 303 4331 cf.
322 4277 470 4345 Pfleiderer,
488 4277 575 4328 Moral
592 4277 648 4328 und
666 4276 800 4343 Religion,
819 4292 846 4342 p.
867 4285 894 4341 5:

222 4369 295 4433 ,Der
323 4366 383 4433 Eid,
411 4366 496 4416 dieser
522 4364 605 4416 uralte
632 4364 687 4414 und
711 4364 754 4414 bei
773 4364 843 4414 allen
862 4361 980 4413 Volkern
999 4362 1204 4413 vorlrommeude
1222 4361 1332 4428 Brauch,

183 4456 237 4522 ⁴,ist
261 4453 411 4519 uberhaupt
429 4453 475 4502 der
496 4452 677 4518 schlagendste
696 4450 835 4502 Ausdruck
854 4450 938 4517 datur,
957 4450 1017 4500 dasz
1035 4449 1095 4500 dem
1113 4449 1259 4500 Menscbeu
1277 4464 1330 4498 von

183 4540 275 4608 „jebet
298 4540 350 4590 alle
369 4538 483 4590 sittliche
502 4537 731 4590 Verbindlichkeit
751 4537 789 4588 als
808 4537 926 4588 Ausflusz
945 4537 992 4588 der
1010 4535 1152 4602 religibsen
1171 4535 1332 4587 Gebundeu-

182 4628 257 4696 ,heir
275 4626 430 4678 erschienen
450 4623 511 4676 istst*
